3182 5264
220 347 293 409 XVl

307 542 442 628 Largam
458 539 574 607 mendi
590 541 750 609 materiem
773 543 958 611 Venetorum
979 551 1051 610 scta
1071 563 1142 610 cum
1167 541 1298 632 imperio
1316 543 1493 632 syracuno

219 661 416 735 obtulerunt:
432 687 564 754 qnorum
580 673 729 746 actorum,
745 665 821 735 inde
836 669 877 735 ab
894 675 997 736 aetate
1008 669 1176 737 Michaelis
1192 669 1384 758 Palaculcgi
1402 669 1493 737 cuius

221 783 290 859 curn
306 791 388 860 duce
403 791 550 860 Reinerio
565 783 649 861 Zeno
673 815 701 860 a.
721 795 805 863 1265
820 802 949 882 pactum
965 795 998 859 in
1013 793 1171 862 tabulario
1187 793 1423 862 vindobonensi
1440 815 1494 861 ss-

220 925 386 996 servutum,
405 918 540 984 omnium
556 917 809 1004 antiquissimum
825 925 887 999 est,
905 917 1018 984 seriem
1036 927 1158 987 tantum
1182 939 1245 985 non
1264 918 1418 1005 integram
1436 939 1493 985 cr·

213 1041 331 1110 'hibere
350 1041 499 1108 tabularii
519 1041 632 1108 Veneti
655 1041 843 1112 beneficium
863 1041 1033 1110 noncessit:
1057 1063 1227 1130 paucorum
1247 1052 1351 1112 tamen
1370 1043 1403 1110 in
1425 1051 1492 1111 ter-

216 1165 414 1253 pretationes
429 1173 551 1232 tantum
565 1164 663 1233 latine
678 1173 796 1247 extant,
815 1166 1006 1253 exemplaria
1022 1186 1137 1252 graeca
1157 1167 1331 1254 pcriemnt‚
1354 1167 1389 1234 in
1408 1187 1491 1254 qun-

216 1311 287 1356 rum
305 1309 434 1358 numero
447 1296 498 1356 est
513 1310 532 1356 a
548 1288 720 1356 duumviris
740 1289 925 1358 clarissimis
945 1291 983 1356 θ.
1000 1291 1035 1357 L.
1052 1289 1104 1356 rr.
1120 1291 1210 1357 'lalel
1231 1298 1262 1357 at
1282 1293 1319 1359 θ.
1341 1290 1382 1362 bl.
1403 1290 1491 1358 'lbo-
1576 1321 1577 1324 ¹

209 1417 287 1480 ⁴dms
303 1413 336 1478 in
350 1413 411 1480 vol.
428 1412 481 1479 IlI.
497 1433 571 1500 pag.
590 1417 665 1480 322.
682 1412 801 1480 editum
817 1412 1038 1480 documentum
1052 1413 1198 1496 latinum,
1220 1421 1252 1480 et
1266 1413 1340 1492 alin,
1356 1433 1437 1502 quae
1453 1433 1492 1478 nx

218 1539 384 1606 Paetorum
400 1543 431 1604 et
447 1537 747 1605 Commemorialinm
763 1536 855 1604 libris
875 1536 962 1623 apud
977 1537 1115 1606 Venetos
1135 1537 1331 1605 consumtis
1349 1537 1492 1604 eiusdem

77 1739 87 1755 Ι
209 1661 255 1728 θ.
272 1661 315 1727 m.
331 1661 468 1729 Thomas
483 1681 580 1750 opera
596 1659 737 1728 edentur.

306 1784 506 1872 Exemplaris
515 1784 892 1870 graeeaPalaeclognrnm
904 1783 1024 1870 scripta
1034 1791 1108 1850 sunt
1119 1784 1152 1850 in
1164 1785 1354 1863 membrana,
1367 1784 1491 1852 indeeb

217 1929 245 1976 a.
257 1912 490 1994 lbzlntraquc
503 1907 622 1994 lingua,
636 1906 831 1974 dextrorsum
842 1927 964 1994 graece
979 1908 1076 1974 latine
1089 1907 1319 1976 sinistrorsum:
1331 1907 1394 1975 nisi
1406 1907 1492 1995 qnod

217 2053 256 2100 er
271 2015 454 2098 Florentino
470 2031 742 2118 Neapolitanoquc
758 2031 926 2097 tabulariis
942 2038 1032 2098 eruta
1051 2038 1123 2098 acta
1143 2031 1298 2118 quaedam
1322 2025 1491 2099 Palaeolo-

216 2177 330 2243 gorum
346 2177 416 2222 cnm
429 2155 561 2223 Venetis
583 2141 840 2242 interpretatione
862 2153 963 2222 latina
986 2163 1104 2222 carent.
1129 2155 1236 2224 bullae
1259 2172 1382 2234 aureae,
1406 2175 1491 2241 qnae

215 2265 296 2346 olim
316 2299 336 2346 a
357 2278 467 2345 fasciis
490 2279 602 2346 scricis
625 2284 681 2345 ant
694 2278 799 2344 rubris
814 2284 870 2344 aut
883 2277 1035 2345 violaceis
1058 2295 1216 2366 suspensa
1238 2285 1339 2360 erant,
1363 2285 1492 2365 praeter

215 2404 280 2471 duc
294 2404 477 2472 Florentius
493 2402 690 2483 documenta,
706 2404 740 2468 in
757 2403 853 2468 nullis
869 2401 965 2469 hodie
981 2409 1125 2469 servatae
1140 2409 1223 2468 sunt

298 2513 385 2596 ¹Acta
405 2549 534 2614 graeca,
558 2547 640 2615 quac
662 2527 852 2596 tabularium
867 2527 1110 2614 Neapolitanum
1133 2525 1271 2608 exbibet,
1297 2527 1338 2594 ab
1361 2527 1490 2595 illarum

215 2653 379 2738 regionum
395 2653 445 2720 vel
461 2651 710 2720 dominatoribus
729 2651 781 2719 vel
795 2650 929 2739 privatis
944 2648 1126 2717 bominibus
1142 2649 1267 2736 graecis
1282 2649 1417 2718 oriunda
1437 2651 1491 2716 in-

215 2761 433 2864 spicientibns¹
442 2776 537 2844 nobis
552 2795 572 2842 s
587 2781 694 2842 nostro
710 2773 842 2842 consilio
859 2773 963 2840 aliena
979 2793 1049 2840 esse
1064 2767 1134 2840 v'isa
1149 2781 1232 2841 sunt

302 2901 528 2968 Documentum
542 2897 782 2979 Anconitanum,
808 2917 870 2984 quo
886 2896 1151 2964 Anconitanomm
1166 2903 1370 2964 mercatorum
1385 2896 1488 2984 priri-

214 3023 301 3109 legis
320 3022 518 3090 Andronicus
538 3021 746 3108 Palaeologus
768 3020 872 3088 senior
895 3019 1100 3104 confirmavit,
1124 3029 1161 3088 ut
1183 3021 1242 3088 lmc
1256 3020 1394 3108 ¹quidam
1416 3021 1489 3088 loco

213 3148 308 3216 edere
327 3147 436 3230 liceat,
458 3145 613 3233 singulari
632 3145 787 3213 Dominici
807 3145 927 3212 Promis
943 3133 1177 3214 bibliothecarii
1200 3139 1407 3214 laurinensis
1422 3145 1488 3212 hu-

212 3273 356 3341 manitati
378 3271 520 3340 debetur.
545 3277 594 3338 est
609 3279 713 3338 antem
728 3273 762 3336 in
782 3271 963 3338 membrana
981 3271 1193 3359 perscriptum
1213 3282 1328 3357 graeca
1347 3263 1486 3339 tantum:

214 3396 301 3465 bulla
316 3404 348 3464 et
363 3395 463 3462 fascia
478 3393 706 3462 desiderantur.
1169 3383 1184 3392 ”

301 3519 472 3605 ῒἘττιιδή
496 3519 531 3582 τὸ
555 3527 611 3582 τοῦ
626 3501 789 3598 ’diedone
811 3521 999 3605 κοομοθνιον
1023 3517 1247 3594 ἐξαπέστειλαν
1271 3519 1317 3593 εὶς
1341 3520 1396 3605 τὴν
1420 3521 1486 3602 βα-

214 3645 334 3712 σιλείαν
359 3665 420 3730 μοο
444 3641 704 3728 ἀποκρισιαρίοος
721 3638 823 3707 αὐτῶν
847 3643 920 3716 τοιλς
943 3643 1090 3716 covered<
1109 3641 1235 3729 ἄνδρας,
1260 3645 1313 3706 τόν
1337 3663 1370 3706 τε
1386 3641 1487 3708 Φλώ-

213 3789 279 3855 ριον
308 3765 470 3854 Στεφάνου
498 3773 553 3829 τοῦ
580 3763 729 3852 Ταβρέλη
761 3769 818 3830 καὶ
853 3769 906 3831 τὸν
940 3764 1106 3832 ’Λντώνιον
1134 3775 1189 3831 τοῦ
1217 3763 1485 3852 Βαρθολομαῖον),

212 3894 350 3980 ἔχοντας
377 3892 646 3976 τροιοορατόριον
674 3888 798 3962 ἐντελὲς
831 3887 903 3976 παρ’
932 3887 1034 3956 aaron
1068 3889 1126 3956 καὶ
1158 3894 1244 3976 παρὰ
1279 3901 1335 3977 τῆς
1363 3892 1485 3980 βουλῆς

211 4017 329 4082 τούτων
352 4017 609 4100 annumeremur,
638 3989 751 4086 καθὼς
775 4011 961 4100 ἐμφαίνεται
989 4013 1022 4080 ἐν
1047 4025 1086 4101 τῇ
1115 4015 1246 4078 ἐκθέσει
1273 4015 1398 4094 codron,
1424 4035 1483 4093 γτ-

205 4143 305 4220 ·γονός
327 4117 384 4203 καὶΙ
408 4139 527 4224 γραφὲν
550 4139 635 4200 κατὰ
663 4135 735 4209 ἔτος
759 4139 793 4201 τὸ
818 4134 881 4201 ἀπὸ
909 4147 966 4224 τῆς
990 4146 1044 4202 τοο
1067 4142 1177 4223 acoleo
1205 4129 1398 4223 σαρκθοσινς
1425 4161 1483 4224 χι-

208 4265 338 4328 λιοστὸν
362 4263 602 4346 τριακοσιοστόν
637 4257 764 4342 ὄγδοον,
799 4261 980 4328 ὶνδικτιιῐινα
1006 4261 1105 4350 ἕκτην
1139 4268 1195 4328 καὶ
1224 4273 1309 4349 μῆνα
1340 4268 1483 4350 μάρτισν,

209 4389 265 4452 διὰ
289 4387 396 4472 χειρὸς
416 4390 563 4472 vernulos
578 4384 743 4451 Νικολαοο
766 4395 820 4451 τοῦ
837 4387 936 4473 Θωμᾱ
960 4395 1015 4452 τοῦ
1041 4386 1102 4452 ἀπὸ
1126 4397 1186 4451 τῶν
1210 4385 1409 4472 Ταβρολίων,
1434 4387 1485 4464 τὶς

210 4513 246 4574 τὸ
274 4511 434 4575 δύνασθαι
461 4504 576 4582 αὐτοὺς
610 4510 750 4597 λαλῆσαι
777 4513 834 4575 καί
860 4509 1025 4598 ἀναφορὰν
1058 4514 1262 4597 ποιήσασθαι
1290 4509 1328 4576 ἐκ
1362 4505 1486 4598 mnan<

208 4644 264 4700 τοῦ
295 4635 436 4698 τοιούτου
462 4639 653 4720 κοομοονὶοο
686 4633 744 4699 καὶ
776 4635 1004 4719 παρακαλέσαι
1038 4639 1094 4698 καὶ
1128 4632 1362 4722 ἐξαιτήσασθαι
1392 4643 1486 4704 κατὰ

206 4735 302 4849 χάριν
331 4758 391 4824 ἀπὸ
419 4771 475 4850 τῆς
504 4761 669 4844 βασιλείας
698 4783 758 4846 μοο
786 4759 842 4846 τήν
865 4763 1015 4824 κάτωθεν
1042 4760 1319 4846 θηλιοθησομὲνην
1345 4765 1484 4849 ζήτησιν
