<?xml version="1.0" encoding="UTF-8"?>
<!DOCTYPE html PUBLIC "-//W3C//DTD XHTML 1.0 Transitional//EN"
    "http://www.w3.org/TR/xhtml1/DTD/xhtml1-transitional.dtd">
<html xmlns="http://www.w3.org/1999/xhtml" xml:lang="en" lang="en">
 <head>
  <title>
</title>
<meta http-equiv="Content-Type" content="text/html;charset=utf-8" />
  <meta name='ocr-system' content='tesseract 3.04.00' />
  <meta name='ocr-capabilities' content='ocr_page ocr_carea ocr_par ocr_line ocrx_word'/>
</head>
<body>
  <div class='ocr_page' id='page_1' title='image "./actaetdiplomata03miklgoog_0067.png"; bbox 0 0 3182 5264; ppageno 0'>
   <div class='ocr_carea' id='block_1_1' title="bbox 232 377 331 440">
    <p class='ocr_par' dir='ltr' id='par_1_1' title="bbox 232 377 331 440">
     <span class='ocr_line' id='line_1_1' title="bbox 232 377 331 440; baseline -0.01 -57"><span class='ocrx_word' id='word_1_1' title='bbox 232 377 275 440; x_wconf 64' lang='lat'><strong>38</strong></span> <span class='ocrx_word' id='word_1_2' title='bbox 328 377 331 382; x_wconf 13' lang='grc' dir='ltr'><strong>Α</strong></span> 
     </span>
    </p>
   </div>
   <div class='ocr_carea' id='block_1_2' title="bbox 185 517 1512 651">
    <p class='ocr_par' dir='ltr' id='par_1_2' title="bbox 185 517 1512 651">
     <span class='ocr_line' id='line_1_2' title="bbox 185 517 1512 651; baseline -0.005 -17"><span class='ocrx_word' id='word_1_3' title='bbox 185 517 189 522; x_wconf 23' lang='lat'>¹</span> <span class='ocrx_word' id='word_1_4' title='bbox 232 567 432 634; x_wconf 89' lang='grc' dir='ltr'><strong>Βαλδουίνου</strong></span> <span class='ocrx_word' id='word_1_5' title='bbox 448 565 594 650; x_wconf 79' lang='grc' dir='ltr'><strong>Γέρτζου,</strong></span> <span class='ocrx_word' id='word_1_6' title='bbox 619 563 772 651; x_wconf 73' lang='grc' dir='ltr'><strong>ύΤζίρης</strong></span> <span class='ocrx_word' id='word_1_7' title='bbox 789 563 922 641; x_wconf 74' lang='grc' dir='ltr'><strong>Δαίίων,</strong></span> <span class='ocrx_word' id='word_1_8' title='bbox 947 562 1051 647; x_wconf 86' lang='grc' dir='ltr'><strong>Ούβος</strong></span> <span class='ocrx_word' id='word_1_9' title='bbox 1075 561 1092 627; x_wconf 86' lang='grc' dir='ltr'><strong>ύ</strong></span> <span class='ocrx_word' id='word_1_10' title='bbox 1116 563 1266 642; x_wconf 86' lang='grc' dir='ltr'><strong>Πὲδισος,</strong></span> <span class='ocrx_word' id='word_1_11' title='bbox 1289 561 1467 647; x_wconf 87' lang='grc' dir='ltr'><strong>όΠύρρος,</strong></span> <span class='ocrx_word' id='word_1_12' title='bbox 1495 562 1512 627; x_wconf 84' lang='grc' dir='ltr'><strong>ύ</strong></span> 
     </span>
    </p>
   </div>
   <div class='ocr_carea' id='block_1_3' title="bbox 232 689 1562 4894">
    <p class='ocr_par' dir='ltr' id='par_1_3' title="bbox 232 689 1562 4894">
     <span class='ocr_line' id='line_1_3' title="bbox 232 689 1562 777; baseline -0.006 -18"><span class='ocrx_word' id='word_1_13' title='bbox 232 694 420 777; x_wconf 86' lang='grc' dir='ltr'><strong>Σεμοόντος,</strong></span> <span class='ocrx_word' id='word_1_14' title='bbox 444 691 461 754; x_wconf 83' lang='grc' dir='ltr'><strong>ό</strong></span> <span class='ocrx_word' id='word_1_15' title='bbox 485 691 658 774; x_wconf 83' lang='grc' dir='ltr'><strong>Διβιίλτος,</strong></span> <span class='ocrx_word' id='word_1_16' title='bbox 678 689 916 776; x_wconf 74' lang='grc' dir='ltr'><strong>ύΠαλτζὲτζης</strong></span> <span class='ocrx_word' id='word_1_17' title='bbox 932 697 988 754; x_wconf 85' lang='grc' dir='ltr'><strong>καί</strong></span> <span class='ocrx_word' id='word_1_18' title='bbox 1004 689 1021 753; x_wconf 84' lang='grc' dir='ltr'><strong>ὀ</strong></span> <span class='ocrx_word' id='word_1_19' title='bbox 1038 689 1230 774; x_wconf 80' lang='grc' dir='ltr'><strong>Πασχάλης,</strong></span> <span class='ocrx_word' id='word_1_20' title='bbox 1248 691 1513 773; x_wconf 81' lang='grc' dir='ltr'><strong>συμπνεύσαντος</strong></span> <span class='ocrx_word' id='word_1_21' title='bbox 1561 705 1562 714; x_wconf 74' lang='grc'>’</span> 
     </span>
     <span class='ocr_line' id='line_1_4' title="bbox 233 810 1512 900; baseline -0.005 -19"><span class='ocrx_word' id='word_1_22' title='bbox 233 821 291 882; x_wconf 86' lang='grc' dir='ltr'><strong>καί</strong></span> <span class='ocrx_word' id='word_1_23' title='bbox 325 816 433 900; x_wconf 81' lang='grc' dir='ltr'><strong>ἑτέρου</strong></span> <span class='ocrx_word' id='word_1_24' title='bbox 469 817 582 880; x_wconf 77' lang='grc' dir='ltr'>πλοίου</span> <span class='ocrx_word' id='word_1_25' title='bbox 616 825 799 892; x_wconf 85' lang='grc' dir='ltr'><strong>πισσαῐκοό,</strong></span> <span class='ocrx_word' id='word_1_26' title='bbox 830 826 937 879; x_wconf 85' lang='grc' dir='ltr'><strong>πᾶσαν</strong></span> <span class='ocrx_word' id='word_1_27' title='bbox 971 815 1094 898; x_wconf 85' lang='grc' dir='ltr'><strong>ἔχθρας</strong></span> <span class='ocrx_word' id='word_1_28' title='bbox 1130 810 1334 898; x_wconf 87' lang='grc' dir='ltr'><strong>ύπερελαύνει</strong></span> <span class='ocrx_word' id='word_1_29' title='bbox 1364 813 1512 887; x_wconf 75' lang='grc' dir='ltr'><strong>ἔνδειξιν.</strong></span> 
     </span>
     <span class='ocr_line' id='line_1_5' title="bbox 232 937 1515 1028; baseline -0.004 -21"><span class='ocrx_word' id='word_1_30' title='bbox 232 955 342 1028; x_wconf 88' lang='grc' dir='ltr'><strong>πρῶτα</strong></span> <span class='ocrx_word' id='word_1_31' title='bbox 372 947 430 1026; x_wconf 87' lang='grc' dir='ltr'><strong>μὲν</strong></span> <span class='ocrx_word' id='word_1_32' title='bbox 459 947 519 1026; x_wconf 72' lang='grc' dir='ltr'><strong>γὰρ</strong></span> <span class='ocrx_word' id='word_1_33' title='bbox 548 949 633 1006; x_wconf 82' lang='grc' dir='ltr'><strong>κατὰ</strong></span> <span class='ocrx_word' id='word_1_34' title='bbox 662 953 716 1028; x_wconf 75' lang='grc' dir='ltr'><strong>τῆς</strong></span> <span class='ocrx_word' id='word_1_35' title='bbox 745 946 854 1026; x_wconf 82' lang='grc' dir='ltr'><strong>χώρας</strong></span> <span class='ocrx_word' id='word_1_36' title='bbox 882 951 937 1026; x_wconf 79' lang='grc' dir='ltr'><strong>της</strong></span> <span class='ocrx_word' id='word_1_37' title='bbox 966 941 1132 1022; x_wconf 80' lang='grc' dir='ltr'><strong>βασιλείας</strong></span> <span class='ocrx_word' id='word_1_38' title='bbox 1160 961 1222 1024; x_wconf 91' lang='grc' dir='ltr'><strong>μου</strong></span> <span class='ocrx_word' id='word_1_39' title='bbox 1250 949 1304 1024; x_wconf 78' lang='grc' dir='ltr'><strong>της</strong></span> <span class='ocrx_word' id='word_1_40' title='bbox 1328 937 1441 1004; x_wconf 83' lang='grc' dir='ltr'>Ῥόδου</span> <span class='ocrx_word' id='word_1_41' title='bbox 1468 937 1515 1009; x_wconf 81' lang='grc' dir='ltr'><strong>ὡς</strong></span> 
     </span>
     <span class='ocr_line' id='line_1_6' title="bbox 233 1060 1515 1155; baseline -0.005 -25"><span class='ocrx_word' id='word_1_42' title='bbox 233 1069 320 1155; x_wconf 91' lang='grc' dir='ltr'><strong>φίλοι</strong></span> <span class='ocrx_word' id='word_1_43' title='bbox 343 1069 386 1153; x_wconf 80' lang='grc' dir='ltr'><strong>τῳ</strong></span> <span class='ocrx_word' id='word_1_44' title='bbox 407 1067 509 1151; x_wconf 82' lang='grc' dir='ltr'><strong>λιμένι</strong></span> <span class='ocrx_word' id='word_1_45' title='bbox 534 1063 632 1152; x_wconf 82' lang='grc' dir='ltr'><strong>αύτῆς</strong></span> <span class='ocrx_word' id='word_1_46' title='bbox 655 1066 924 1148; x_wconf 71' lang='grc' dir='ltr'><strong>προσοκείλαντες</strong></span> <span class='ocrx_word' id='word_1_47' title='bbox 948 1060 1032 1126; x_wconf 76' lang='grc' dir='ltr'><strong>ὅπλα</strong></span> <span class='ocrx_word' id='word_1_48' title='bbox 1059 1062 1176 1148; x_wconf 78' lang='grc' dir='ltr'>ἤραντο</span> <span class='ocrx_word' id='word_1_49' title='bbox 1205 1067 1261 1126; x_wconf 88' lang='grc' dir='ltr'><strong>καί</strong></span> <span class='ocrx_word' id='word_1_50' title='bbox 1290 1062 1423 1135; x_wconf 81' lang='grc' dir='ltr'><strong>ἀόπλοις</strong></span> <span class='ocrx_word' id='word_1_51' title='bbox 1453 1061 1515 1126; x_wconf 83' lang='grc' dir='ltr'><strong>καί</strong></span> 
     </span>
     <span class='ocr_line' id='line_1_7' title="bbox 234 1189 1515 1280; baseline -0.006 -22"><span class='ocrx_word' id='word_1_52' title='bbox 234 1193 432 1280; x_wconf 69' lang='grc' dir='ltr'><strong>ἀφυλάκτοις</strong></span> <span class='ocrx_word' id='word_1_53' title='bbox 461 1191 645 1276; x_wconf 72' lang='grc' dir='ltr'><strong>ἐντυχόντες</strong></span> <span class='ocrx_word' id='word_1_54' title='bbox 680 1203 744 1262; x_wconf 76' lang='grc' dir='ltr'><strong>τοῖς</strong></span> <span class='ocrx_word' id='word_1_55' title='bbox 779 1195 847 1274; x_wconf 87' lang='grc' dir='ltr'><strong>περί</strong></span> <span class='ocrx_word' id='word_1_56' title='bbox 884 1192 936 1252; x_wconf 78' lang='grc' dir='ltr'><strong>τόν</strong></span> <span class='ocrx_word' id='word_1_57' title='bbox 973 1189 1119 1266; x_wconf 74' lang='grc' dir='ltr'><strong>αἰγιαλόν</strong></span> <span class='ocrx_word' id='word_1_58' title='bbox 1146 1198 1200 1272; x_wconf 76' lang='grc' dir='ltr'><strong>τῆς</strong></span> <span class='ocrx_word' id='word_1_59' title='bbox 1230 1190 1378 1273; x_wconf 78' lang='grc' dir='ltr'><strong>τοιαύτης</strong></span> <span class='ocrx_word' id='word_1_60' title='bbox 1409 1191 1515 1273; x_wconf 83' lang='grc' dir='ltr'><strong>νησου</strong></span> 
     </span>
     <span class='ocr_line' id='line_1_8' title="bbox 234 1314 1514 1402; baseline -0.005 -21"><span class='ocrx_word' id='word_1_61' title='bbox 234 1318 359 1381; x_wconf 84' lang='grc' dir='ltr'><strong>οίκοῦσι</strong></span> <span class='ocrx_word' id='word_1_62' title='bbox 381 1322 544 1402; x_wconf 73' lang='grc' dir='ltr'><strong>μαχαίρας</strong></span> <span class='ocrx_word' id='word_1_63' title='bbox 561 1317 689 1388; x_wconf 76' lang='grc' dir='ltr'><strong>τούτους</strong></span> <span class='ocrx_word' id='word_1_64' title='bbox 714 1314 828 1378; x_wconf 79' lang='grc' dir='ltr'><strong>ἔθεντο</strong></span> <span class='ocrx_word' id='word_1_65' title='bbox 851 1315 1082 1398; x_wconf 78' lang='grc' dir='ltr'><strong>παρανάλωμα,</strong></span> <span class='ocrx_word' id='word_1_66' title='bbox 1101 1317 1156 1376; x_wconf 83' lang='grc' dir='ltr'><strong>καί</strong></span> <span class='ocrx_word' id='word_1_67' title='bbox 1173 1318 1275 1376; x_wconf 83' lang='grc' dir='ltr'><strong>πάντα</strong></span> <span class='ocrx_word' id='word_1_68' title='bbox 1292 1316 1332 1375; x_wconf 85' lang='grc' dir='ltr'><strong>τὰ</strong></span> <span class='ocrx_word' id='word_1_69' title='bbox 1347 1315 1514 1396; x_wconf 76' lang='grc' dir='ltr'><strong>προσόντα</strong></span> 
     </span>
     <span class='ocr_line' id='line_1_9' title="bbox 236 1435 1515 1526; baseline -0.007 -19"><span class='ocrx_word' id='word_1_70' title='bbox 236 1439 341 1514; x_wconf 79' lang='grc' dir='ltr'><strong>αὐτοῖς</strong></span> <span class='ocrx_word' id='word_1_71' title='bbox 375 1447 534 1526; x_wconf 76' lang='grc' dir='ltr'><strong>πάρεργον</strong></span> <span class='ocrx_word' id='word_1_72' title='bbox 570 1442 660 1512; x_wconf 81' lang='grc' dir='ltr'><strong>λείας</strong></span> <span class='ocrx_word' id='word_1_73' title='bbox 697 1438 898 1524; x_wconf 77' lang='grc' dir='ltr'><strong>ἐποιήσαντο·</strong></span> <span class='ocrx_word' id='word_1_74' title='bbox 936 1437 1045 1501; x_wconf 84' lang='grc' dir='ltr'><strong>ἔπειτα</strong></span> <span class='ocrx_word' id='word_1_75' title='bbox 1080 1436 1136 1500; x_wconf 86' lang='grc' dir='ltr'><strong>καί</strong></span> <span class='ocrx_word' id='word_1_76' title='bbox 1170 1437 1291 1508; x_wconf 81' lang='grc' dir='ltr'><strong>πλοίοις</strong></span> <span class='ocrx_word' id='word_1_77' title='bbox 1324 1435 1515 1521; x_wconf 75' lang='grc' dir='ltr'><strong>ἐντυχόντες</strong></span> 
     </span>
     <span class='ocr_line' id='line_1_10' title="bbox 236 1561 1515 1650; baseline -0.006 -20"><span class='ocrx_word' id='word_1_78' title='bbox 236 1568 426 1650; x_wconf 87' lang='grc' dir='ltr'><strong>βενετικοῐς,</strong></span> <span class='ocrx_word' id='word_1_79' title='bbox 451 1565 513 1628; x_wconf 83' lang='grc' dir='ltr'><strong>ἀπὸ</strong></span> <span class='ocrx_word' id='word_1_80' title='bbox 539 1577 600 1628; x_wconf 89' lang='grc' dir='ltr'><strong>τῶν</strong></span> <span class='ocrx_word' id='word_1_81' title='bbox 625 1575 726 1649; x_wconf 80' lang='grc' dir='ltr'><strong>μερῶν</strong></span> <span class='ocrx_word' id='word_1_82' title='bbox 750 1573 805 1650; x_wconf 73' lang='grc' dir='ltr'><strong>τῆς</strong></span> <span class='ocrx_word' id='word_1_83' title='bbox 834 1561 1052 1646; x_wconf 83' lang='grc' dir='ltr'><strong>Παλαιστίνης</strong></span> <span class='ocrx_word' id='word_1_84' title='bbox 1080 1565 1135 1624; x_wconf 83' lang='grc' dir='ltr'><strong>καί</strong></span> <span class='ocrx_word' id='word_1_85' title='bbox 1164 1571 1218 1646; x_wconf 80' lang='grc' dir='ltr'><strong>τῆς</strong></span> <span class='ocrx_word' id='word_1_86' title='bbox 1242 1561 1403 1638; x_wconf 75' lang='grc' dir='ltr'><strong>Αἰγύπτου</strong></span> <span class='ocrx_word' id='word_1_87' title='bbox 1432 1563 1515 1644; x_wconf 85' lang='grc' dir='ltr'><strong>πρός</strong></span> 
     </span>
     <span class='ocr_line' id='line_1_11' title="bbox 235 1685 1514 1776; baseline -0.007 -21"><span class='ocrx_word' id='word_1_88' title='bbox 235 1692 291 1776; x_wconf 72' lang='grc' dir='ltr'><strong>τὴν</strong></span> <span class='ocrx_word' id='word_1_89' title='bbox 316 1691 482 1774; x_wconf 90' lang='grc' dir='ltr'><strong>βασιλείαν</strong></span> <span class='ocrx_word' id='word_1_90' title='bbox 507 1711 567 1774; x_wconf 87' lang='grc' dir='ltr'><strong>μου</strong></span> <span class='ocrx_word' id='word_1_91' title='bbox 593 1687 780 1773; x_wconf 78' lang='grc' dir='ltr'><strong>ἐρχομένοις</strong></span> <span class='ocrx_word' id='word_1_92' title='bbox 804 1690 861 1751; x_wconf 89' lang='grc' dir='ltr'><strong>καί</strong></span> <span class='ocrx_word' id='word_1_93' title='bbox 885 1685 1144 1771; x_wconf 89' lang='grc' dir='ltr'><strong>ἀποκρισιαρίους</strong></span> <span class='ocrx_word' id='word_1_94' title='bbox 1173 1695 1228 1770; x_wconf 75' lang='grc' dir='ltr'><strong>τῆς</strong></span> <span class='ocrx_word' id='word_1_95' title='bbox 1245 1685 1412 1767; x_wconf 87' lang='grc' dir='ltr'><strong>βασιλείας</strong></span> <span class='ocrx_word' id='word_1_96' title='bbox 1439 1707 1514 1768; x_wconf 88' lang='grc' dir='ltr'><strong>μου,</strong></span> 
     </span>
     <span class='ocr_line' id='line_1_12' title="bbox 236 1809 1515 1896; baseline -0.007 -17"><span class='ocrx_word' id='word_1_97' title='bbox 236 1814 320 1879; x_wconf 82' lang='grc' dir='ltr'><strong>ἀλλὰ</strong></span> <span class='ocrx_word' id='word_1_98' title='bbox 344 1819 399 1878; x_wconf 88' lang='grc' dir='ltr'><strong>καί</strong></span> <span class='ocrx_word' id='word_1_99' title='bbox 427 1825 483 1879; x_wconf 84' lang='grc' dir='ltr'><strong>τού</strong></span> <span class='ocrx_word' id='word_1_100' title='bbox 512 1814 688 1878; x_wconf 87' lang='grc' dir='ltr'><strong>σουλτσίνου</strong></span> <span class='ocrx_word' id='word_1_101' title='bbox 725 1821 779 1896; x_wconf 78' lang='grc' dir='ltr'><strong>τῆς</strong></span> <span class='ocrx_word' id='word_1_102' title='bbox 813 1809 973 1890; x_wconf 73' lang='grc' dir='ltr'><strong>Αἰγύπτου</strong></span> <span class='ocrx_word' id='word_1_103' title='bbox 1008 1819 1062 1873; x_wconf 86' lang='grc' dir='ltr'><strong>τού</strong></span> <span class='ocrx_word' id='word_1_104' title='bbox 1092 1809 1315 1894; x_wconf 83' lang='grc' dir='ltr'><strong>Σαλαχατίνοο</strong></span> <span class='ocrx_word' id='word_1_105' title='bbox 1347 1811 1424 1892; x_wconf 83' lang='grc' dir='ltr'><strong>πρός</strong></span> <span class='ocrx_word' id='word_1_106' title='bbox 1456 1810 1515 1893; x_wconf 79' lang='grc' dir='ltr'><strong>την</strong></span> 
     </span>
     <span class='ocr_line' id='line_1_13' title="bbox 236 1927 1514 2024; baseline -0.006 -21"><span class='ocrx_word' id='word_1_107' title='bbox 236 1939 402 2024; x_wconf 87' lang='grc' dir='ltr'><strong>βασιλείαν</strong></span> <span class='ocrx_word' id='word_1_108' title='bbox 438 1961 498 2024; x_wconf 88' lang='grc' dir='ltr'><strong>μου</strong></span> <span class='ocrx_word' id='word_1_109' title='bbox 533 1927 823 2021; x_wconf 66' lang='grc' dir='ltr'><strong>διαπλωῐζομὲνους</strong></span> <span class='ocrx_word' id='word_1_110' title='bbox 849 1935 976 2020; x_wconf 83' lang='grc' dir='ltr'><strong>ἔχουσι,</strong></span> <span class='ocrx_word' id='word_1_111' title='bbox 1001 1940 1182 2020; x_wconf 88' lang='grc' dir='ltr'><strong>ναυμαχίαν</strong></span> <span class='ocrx_word' id='word_1_112' title='bbox 1211 1933 1267 1997; x_wconf 85' lang='grc' dir='ltr'><strong>καί</strong></span> <span class='ocrx_word' id='word_1_113' title='bbox 1300 1931 1371 1998; x_wconf 81' lang='grc' dir='ltr'><strong>κατ’</strong></span> <span class='ocrx_word' id='word_1_114' title='bbox 1407 1929 1514 1996; x_wconf 85' lang='grc' dir='ltr'><strong>αύτῶν</strong></span> 
     </span>
     <span class='ocr_line' id='line_1_14' title="bbox 236 2061 1515 2150; baseline -0.005 -20"><span class='ocrx_word' id='word_1_115' title='bbox 236 2065 463 2150; x_wconf 81' lang='grc' dir='ltr'><strong>ἐνεστήσαντο,</strong></span> <span class='ocrx_word' id='word_1_116' title='bbox 488 2067 544 2128; x_wconf 89' lang='grc' dir='ltr'><strong>καί</strong></span> <span class='ocrx_word' id='word_1_117' title='bbox 573 2061 615 2134; x_wconf 79' lang='grc' dir='ltr'><strong>ὡς</strong></span> <span class='ocrx_word' id='word_1_118' title='bbox 640 2063 725 2150; x_wconf 90' lang='grc' dir='ltr'><strong>φίλοι</strong></span> <span class='ocrx_word' id='word_1_119' title='bbox 749 2066 1014 2146; x_wconf 74' lang='grc' dir='ltr'><strong>προσεγχίσαντες</strong></span> <span class='ocrx_word' id='word_1_120' title='bbox 1038 2063 1159 2132; x_wconf 90' lang='grc' dir='ltr'><strong>τούτοις</strong></span> <span class='ocrx_word' id='word_1_121' title='bbox 1183 2063 1238 2124; x_wconf 87' lang='grc' dir='ltr'><strong>καί</strong></span> <span class='ocrx_word' id='word_1_122' title='bbox 1261 2062 1437 2144; x_wconf 83' lang='grc' dir='ltr'><strong>πρεβὲνταν</strong></span> <span class='ocrx_word' id='word_1_123' title='bbox 1466 2061 1515 2124; x_wconf 82' lang='grc' dir='ltr'><strong>εὶ-</strong></span> 
     </span>
     <span class='ocr_line' id='line_1_15' title="bbox 237 2173 1514 2275; baseline -0.004 -22"><span class='ocrx_word' id='word_1_124' title='bbox 237 2173 372 2275; x_wconf 85' lang='grc' dir='ltr'><strong>ρηνικῶς</strong></span> <span class='ocrx_word' id='word_1_125' title='bbox 404 2193 491 2273; x_wconf 90' lang='grc' dir='ltr'><strong>τοίχα</strong></span> <span class='ocrx_word' id='word_1_126' title='bbox 520 2186 552 2261; x_wconf 76' lang='grc' dir='ltr'><strong>ἐξ</strong></span> <span class='ocrx_word' id='word_1_127' title='bbox 580 2184 683 2250; x_wconf 71' lang='grc' dir='ltr'><strong>αὐτῶν</strong></span> <span class='ocrx_word' id='word_1_128' title='bbox 713 2186 934 2272; x_wconf 77' lang='grc' dir='ltr'><strong>ἐπιζητοῦντες</strong></span> <span class='ocrx_word' id='word_1_129' title='bbox 962 2185 1164 2271; x_wconf 74' lang='grc' dir='ltr'><strong>ἐπεπήδησοίν</strong></span> <span class='ocrx_word' id='word_1_130' title='bbox 1188 2210 1220 2249; x_wconf 88' lang='grc' dir='ltr'><strong>τε</strong></span> <span class='ocrx_word' id='word_1_131' title='bbox 1247 2183 1352 2257; x_wconf 83' lang='grc' dir='ltr'><strong>αύτοῐς</strong></span> <span class='ocrx_word' id='word_1_132' title='bbox 1377 2187 1514 2272; x_wconf 67' lang='grc' dir='ltr'><strong>ληστρί-</strong></span> 
     </span>
     <span class='ocr_line' id='line_1_16' title="bbox 236 2309 1516 2398; baseline -0.003 -19"><span class='ocrx_word' id='word_1_133' title='bbox 236 2325 316 2392; x_wconf 89' lang='grc' dir='ltr'><strong>κῶς,</strong></span> <span class='ocrx_word' id='word_1_134' title='bbox 341 2319 397 2378; x_wconf 83' lang='grc' dir='ltr'><strong>καί</strong></span> <span class='ocrx_word' id='word_1_135' title='bbox 421 2313 454 2376; x_wconf 80' lang='grc' dir='ltr'><strong>ἐν</strong></span> <span class='ocrx_word' id='word_1_136' title='bbox 478 2318 676 2398; x_wconf 75' lang='grc' dir='ltr'><strong>κατασχέσει</strong></span> <span class='ocrx_word' id='word_1_137' title='bbox 708 2314 825 2376; x_wconf 87' lang='grc' dir='ltr'><strong>τούτων</strong></span> <span class='ocrx_word' id='word_1_138' title='bbox 849 2315 1013 2396; x_wconf 81' lang='grc' dir='ltr'><strong>γενόμενοι</strong></span> <span class='ocrx_word' id='word_1_139' title='bbox 1049 2312 1121 2383; x_wconf 90' lang='grc' dir='ltr'><strong>τούς</strong></span> <span class='ocrx_word' id='word_1_140' title='bbox 1156 2315 1215 2395; x_wconf 84' lang='grc' dir='ltr'><strong>μὲν</strong></span> <span class='ocrx_word' id='word_1_141' title='bbox 1251 2309 1516 2396; x_wconf 86' lang='grc' dir='ltr'><strong>ἀποκρισιαρίοος</strong></span> 
     </span>
     <span class='ocr_line' id='line_1_17' title="bbox 236 2434 1516 2523; baseline 0 -23"><span class='ocrx_word' id='word_1_142' title='bbox 236 2448 292 2523; x_wconf 86' lang='grc' dir='ltr'><strong>της</strong></span> <span class='ocrx_word' id='word_1_143' title='bbox 328 2437 492 2520; x_wconf 85' lang='grc' dir='ltr'><strong>βασιλείας</strong></span> <span class='ocrx_word' id='word_1_144' title='bbox 528 2459 589 2520; x_wconf 90' lang='grc' dir='ltr'><strong>μου</strong></span> <span class='ocrx_word' id='word_1_145' title='bbox 624 2435 680 2500; x_wconf 90' lang='grc' dir='ltr'><strong>καί</strong></span> <span class='ocrx_word' id='word_1_146' title='bbox 715 2437 787 2508; x_wconf 89' lang='grc' dir='ltr'><strong>τούς</strong></span> <span class='ocrx_word' id='word_1_147' title='bbox 823 2446 878 2499; x_wconf 82' lang='grc' dir='ltr'><strong>τοῦ</strong></span> <span class='ocrx_word' id='word_1_148' title='bbox 908 2437 1083 2499; x_wconf 82' lang='grc' dir='ltr'><strong>σουλτάνου</strong></span> <span class='ocrx_word' id='word_1_149' title='bbox 1113 2445 1168 2519; x_wconf 79' lang='grc' dir='ltr'><strong>τῆς</strong></span> <span class='ocrx_word' id='word_1_150' title='bbox 1198 2435 1356 2513; x_wconf 76' lang='grc' dir='ltr'><strong>Αἰγύπτου</strong></span> <span class='ocrx_word' id='word_1_151' title='bbox 1382 2434 1516 2520; x_wconf 82' lang='grc' dir='ltr'><strong>ἀπηνῶς</strong></span> 
     </span>
     <span class='ocr_line' id='line_1_18' title="bbox 235 2557 1517 2647; baseline -0.003 -21"><span class='ocrx_word' id='word_1_152' title='bbox 235 2566 291 2626; x_wconf 89' lang='grc' dir='ltr'><strong>καί</strong></span> <span class='ocrx_word' id='word_1_153' title='bbox 315 2561 457 2646; x_wconf 82' lang='grc' dir='ltr'><strong>ἀνηλεῶς</strong></span> <span class='ocrx_word' id='word_1_154' title='bbox 492 2561 545 2624; x_wconf 77' lang='grc' dir='ltr'><strong>διὰ</strong></span> <span class='ocrx_word' id='word_1_155' title='bbox 582 2571 751 2647; x_wconf 87' lang='grc' dir='ltr'><strong>μαχαιρῶν</strong></span> <span class='ocrx_word' id='word_1_156' title='bbox 786 2562 990 2646; x_wconf 76' lang='grc' dir='ltr'><strong>κατέσφαξαν</strong></span> <span class='ocrx_word' id='word_1_157' title='bbox 1019 2563 1075 2623; x_wconf 88' lang='grc' dir='ltr'><strong>καί</strong></span> <span class='ocrx_word' id='word_1_158' title='bbox 1110 2557 1227 2631; x_wconf 79' lang='grc' dir='ltr'><strong>ἄλλους</strong></span> <span class='ocrx_word' id='word_1_159' title='bbox 1251 2557 1426 2646; x_wconf 84' lang='grc' dir='ltr'><strong>Ῥωμαίους</strong></span> <span class='ocrx_word' id='word_1_160' title='bbox 1458 2565 1517 2624; x_wconf 90' lang='grc' dir='ltr'><strong>καί</strong></span> 
     </span>
     <span class='ocr_line' id='line_1_19' title="bbox 234 2679 1515 2769; baseline -0.001 -20"><span class='ocrx_word' id='word_1_161' title='bbox 234 2685 404 2769; x_wconf 81' lang='grc' dir='ltr'><strong>Συριανους</strong></span> <span class='ocrx_word' id='word_1_162' title='bbox 432 2688 691 2769; x_wconf 79' lang='grc' dir='ltr'><strong>πραγματευτὰς,</strong></span> <span class='ocrx_word' id='word_1_163' title='bbox 721 2681 816 2757; x_wconf 86' lang='grc' dir='ltr'><strong>ύσυυς</strong></span> <span class='ocrx_word' id='word_1_164' title='bbox 845 2682 877 2746; x_wconf 81' lang='grc' dir='ltr'><strong>ἐν</strong></span> <span class='ocrx_word' id='word_1_165' title='bbox 907 2696 970 2756; x_wconf 85' lang='grc' dir='ltr'><strong>τοῖς</strong></span> <span class='ocrx_word' id='word_1_166' title='bbox 997 2685 1154 2755; x_wconf 91' lang='grc' dir='ltr'><strong>τοιούτοις</strong></span> <span class='ocrx_word' id='word_1_167' title='bbox 1182 2684 1304 2756; x_wconf 86' lang='grc' dir='ltr'><strong>πλοίοις</strong></span> <span class='ocrx_word' id='word_1_168' title='bbox 1333 2679 1442 2768; x_wconf 90' lang='grc' dir='ltr'><strong>εύρον,</strong></span> <span class='ocrx_word' id='word_1_169' title='bbox 1476 2690 1515 2748; x_wconf 79' lang='grc' dir='ltr'><strong>τὰ</strong></span> 
     </span>
     <span class='ocr_line' id='line_1_20' title="bbox 233 2805 1515 2894; baseline -0.001 -21"><span class='ocrx_word' id='word_1_170' title='bbox 233 2812 268 2873; x_wconf 81' lang='grc' dir='ltr'><strong>δὲ</strong></span> <span class='ocrx_word' id='word_1_171' title='bbox 297 2808 330 2874; x_wconf 79' lang='grc' dir='ltr'><strong>ἐν</strong></span> <span class='ocrx_word' id='word_1_172' title='bbox 360 2805 466 2881; x_wconf 73' lang='grc' dir='ltr'><strong>αὐτοῖς</strong></span> <span class='ocrx_word' id='word_1_173' title='bbox 494 2813 667 2893; x_wconf 78' lang='grc' dir='ltr'><strong>πράγματα</strong></span> <span class='ocrx_word' id='word_1_174' title='bbox 696 2819 751 2894; x_wconf 80' lang='grc' dir='ltr'><strong>της</strong></span> <span class='ocrx_word' id='word_1_175' title='bbox 776 2808 941 2892; x_wconf 89' lang='grc' dir='ltr'><strong>βασιλείας</strong></span> <span class='ocrx_word' id='word_1_176' title='bbox 965 2829 1026 2892; x_wconf 92' lang='grc' dir='ltr'><strong>μου</strong></span> <span class='ocrx_word' id='word_1_177' title='bbox 1051 2811 1106 2870; x_wconf 87' lang='grc' dir='ltr'><strong>καί</strong></span> <span class='ocrx_word' id='word_1_178' title='bbox 1130 2818 1190 2872; x_wconf 84' lang='grc' dir='ltr'><strong>τῶν</strong></span> <span class='ocrx_word' id='word_1_179' title='bbox 1219 2805 1382 2892; x_wconf 88' lang='grc' dir='ltr'><strong>Ῥωμαίων</strong></span> <span class='ocrx_word' id='word_1_180' title='bbox 1405 2829 1515 2892; x_wconf 73' lang='grc' dir='ltr'><strong>πραχ-</strong></span> 
     </span>
     <span class='ocr_line' id='line_1_21' title="bbox 236 2931 1515 3020; baseline -0.002 -22"><span class='ocrx_word' id='word_1_181' title='bbox 236 2945 398 3020; x_wconf 87' lang='grc' dir='ltr'><strong>ματευτῶν</strong></span> <span class='ocrx_word' id='word_1_182' title='bbox 433 2937 488 2998; x_wconf 88' lang='grc' dir='ltr'><strong>καί</strong></span> <span class='ocrx_word' id='word_1_183' title='bbox 515 2935 632 2997; x_wconf 89' lang='grc' dir='ltr'><strong>λοιπῶν</strong></span> <span class='ocrx_word' id='word_1_184' title='bbox 661 2939 717 2996; x_wconf 87' lang='grc' dir='ltr'><strong>καί</strong></span> <span class='ocrx_word' id='word_1_185' title='bbox 752 2937 791 2996; x_wconf 86' lang='grc' dir='ltr'><strong>τὰ</strong></span> <span class='ocrx_word' id='word_1_186' title='bbox 828 2936 912 3016; x_wconf 83' lang='grc' dir='ltr'><strong>παρὰ</strong></span> <span class='ocrx_word' id='word_1_187' title='bbox 936 2941 991 2995; x_wconf 85' lang='grc' dir='ltr'><strong>τοῦ</strong></span> <span class='ocrx_word' id='word_1_188' title='bbox 1027 2931 1249 3017; x_wconf 85' lang='grc' dir='ltr'><strong>Σαλαχατίνου</strong></span> <span class='ocrx_word' id='word_1_189' title='bbox 1285 2933 1443 2996; x_wconf 81' lang='grc' dir='ltr'><strong>σταλέντα</strong></span> <span class='ocrx_word' id='word_1_190' title='bbox 1476 2946 1515 3020; x_wconf 82' lang='grc' dir='ltr'><strong>τη</strong></span> 
     </span>
     <span class='ocr_line' id='line_1_22' title="bbox 238 3055 1515 3146; baseline -0.002 -23"><span class='ocrx_word' id='word_1_191' title='bbox 238 3061 385 3144; x_wconf 73' lang='grc' dir='ltr'><strong>βασιλεία</strong></span> <span class='ocrx_word' id='word_1_192' title='bbox 420 3081 481 3144; x_wconf 93' lang='grc' dir='ltr'><strong>μου</strong></span> <span class='ocrx_word' id='word_1_193' title='bbox 516 3063 615 3146; x_wconf 80' lang='grc' dir='ltr'><strong>φόριοί</strong></span> <span class='ocrx_word' id='word_1_194' title='bbox 651 3079 683 3122; x_wconf 90' lang='grc' dir='ltr'><strong>τε</strong></span> <span class='ocrx_word' id='word_1_195' title='bbox 719 3063 774 3122; x_wconf 89' lang='grc' dir='ltr'><strong>καί</strong></span> <span class='ocrx_word' id='word_1_196' title='bbox 811 3057 969 3142; x_wconf 89' lang='grc' dir='ltr'><strong>μουλοίρια</strong></span> <span class='ocrx_word' id='word_1_197' title='bbox 1004 3060 1059 3120; x_wconf 90' lang='grc' dir='ltr'><strong>καί</strong></span> <span class='ocrx_word' id='word_1_198' title='bbox 1083 3055 1197 3136; x_wconf 85' lang='grc' dir='ltr'><strong>ἀλλοῖα</strong></span> <span class='ocrx_word' id='word_1_199' title='bbox 1226 3062 1292 3130; x_wconf 81' lang='grc' dir='ltr'><strong>ζῶα</strong></span> <span class='ocrx_word' id='word_1_200' title='bbox 1315 3064 1515 3144; x_wconf 73' lang='grc' dir='ltr'><strong>κυνηγετικοί</strong></span> 
     </span>
     <span class='ocr_line' id='line_1_23' title="bbox 236 3179 1516 3267; baseline -0.002 -20"><span class='ocrx_word' id='word_1_201' title='bbox 236 3188 292 3248; x_wconf 89' lang='grc' dir='ltr'><strong>καί</strong></span> <span class='ocrx_word' id='word_1_202' title='bbox 326 3195 459 3246; x_wconf 81' lang='grc' dir='ltr'><strong>παντοῖα</strong></span> <span class='ocrx_word' id='word_1_203' title='bbox 493 3183 651 3267; x_wconf 90' lang='grc' dir='ltr'><strong>πολύτιμα</strong></span> <span class='ocrx_word' id='word_1_204' title='bbox 686 3187 857 3266; x_wconf 76' lang='grc' dir='ltr'><strong>πράγματα</strong></span> <span class='ocrx_word' id='word_1_205' title='bbox 893 3179 1098 3262; x_wconf 83' lang='grc' dir='ltr'><strong>ἀνελάβοντο,</strong></span> <span class='ocrx_word' id='word_1_206' title='bbox 1124 3183 1168 3265; x_wconf 80' lang='grc' dir='ltr'><strong>μή</strong></span> <span class='ocrx_word' id='word_1_207' title='bbox 1192 3202 1275 3252; x_wconf 88' lang='grc' dir='ltr'><strong>τινος</strong></span> <span class='ocrx_word' id='word_1_208' title='bbox 1299 3191 1358 3246; x_wconf 87' lang='grc' dir='ltr'><strong>τῶν</strong></span> <span class='ocrx_word' id='word_1_209' title='bbox 1388 3179 1420 3244; x_wconf 86' lang='grc' dir='ltr'><strong>ἐν</strong></span> <span class='ocrx_word' id='word_1_210' title='bbox 1448 3195 1516 3254; x_wconf 78' lang='grc' dir='ltr'><strong>τοῖς</strong></span> 
     </span>
     <span class='ocr_line' id='line_1_24' title="bbox 236 3306 1513 3393; baseline 0 -21"><span class='ocrx_word' id='word_1_211' title='bbox 236 3310 390 3380; x_wconf 91' lang='grc' dir='ltr'><strong>τοιούτοις</strong></span> <span class='ocrx_word' id='word_1_212' title='bbox 424 3308 548 3380; x_wconf 87' lang='grc' dir='ltr'><strong>πλοίοις</strong></span> <span class='ocrx_word' id='word_1_213' title='bbox 583 3306 741 3393; x_wconf 85' lang='grc' dir='ltr'><strong>Ῥωμαίου</strong></span> <span class='ocrx_word' id='word_1_214' title='bbox 765 3331 783 3392; x_wconf 85' lang='grc' dir='ltr'><strong>η</strong></span> <span class='ocrx_word' id='word_1_215' title='bbox 810 3307 958 3382; x_wconf 83' lang='grc' dir='ltr'><strong>έθνικοῠ,</strong></span> <span class='ocrx_word' id='word_1_216' title='bbox 988 3315 1173 3390; x_wconf 86' lang='grc' dir='ltr'><strong>χριστιανού</strong></span> <span class='ocrx_word' id='word_1_217' title='bbox 1202 3329 1234 3369; x_wconf 91' lang='grc' dir='ltr'><strong>τε</strong></span> <span class='ocrx_word' id='word_1_218' title='bbox 1264 3313 1319 3371; x_wconf 89' lang='grc' dir='ltr'><strong>καί</strong></span> <span class='ocrx_word' id='word_1_219' title='bbox 1348 3311 1513 3392; x_wconf 83' lang='grc' dir='ltr'><strong>μουσοολ·</strong></span> 
     </span>
     <span class='ocr_line' id='line_1_25' title="bbox 238 3427 1516 3517; baseline 0 -21"><span class='ocrx_word' id='word_1_220' title='bbox 238 3435 339 3517; x_wconf 85' lang='grc' dir='ltr'><strong>μόνου</strong></span> <span class='ocrx_word' id='word_1_221' title='bbox 363 3435 565 3517; x_wconf 82' lang='grc' dir='ltr'><strong>φεισάμενοι,</strong></span> <span class='ocrx_word' id='word_1_222' title='bbox 602 3431 629 3494; x_wconf 83' lang='grc' dir='ltr'><strong>εί</strong></span> <span class='ocrx_word' id='word_1_223' title='bbox 654 3433 696 3516; x_wconf 80' lang='grc' dir='ltr'><strong>μὴ</strong></span> <span class='ocrx_word' id='word_1_224' title='bbox 723 3434 818 3516; x_wconf 88' lang='grc' dir='ltr'><strong>μόνον</strong></span> <span class='ocrx_word' id='word_1_225' title='bbox 843 3441 904 3494; x_wconf 87' lang='grc' dir='ltr'><strong>τῶν</strong></span> <span class='ocrx_word' id='word_1_226' title='bbox 929 3431 963 3494; x_wconf 81' lang='grc' dir='ltr'><strong>ὲν</strong></span> <span class='ocrx_word' id='word_1_227' title='bbox 988 3427 1094 3501; x_wconf 84' lang='grc' dir='ltr'><strong>αύτοῖς</strong></span> <span class='ocrx_word' id='word_1_228' title='bbox 1119 3427 1216 3495; x_wconf 81' lang='grc' dir='ltr'><strong>ὄντων</strong></span> <span class='ocrx_word' id='word_1_229' title='bbox 1241 3430 1264 3495; x_wconf 95' lang='grc' dir='ltr'>Γ</span> <span class='ocrx_word' id='word_1_230' title='bbox 1267 3443 1431 3497; x_wconf 87' lang='grc' dir='ltr'><strong>εννουῐτῶν</strong></span> <span class='ocrx_word' id='word_1_231' title='bbox 1458 3439 1516 3498; x_wconf 87' lang='grc' dir='ltr'><strong>καί</strong></span> 
     </span>
     <span class='ocr_line' id='line_1_26' title="bbox 236 3551 1514 3641; baseline 0.001 -21"><span class='ocrx_word' id='word_1_232' title='bbox 236 3555 410 3631; x_wconf 90' lang='grc' dir='ltr'><strong>Πισσαίων,</strong></span> <span class='ocrx_word' id='word_1_233' title='bbox 436 3553 482 3627; x_wconf 89' lang='grc' dir='ltr'><strong>οίς</strong></span> <span class='ocrx_word' id='word_1_234' title='bbox 498 3560 554 3618; x_wconf 86' lang='grc' dir='ltr'><strong>καί</strong></span> <span class='ocrx_word' id='word_1_235' title='bbox 579 3567 647 3619; x_wconf 88' lang='grc' dir='ltr'><strong>σῶα</strong></span> <span class='ocrx_word' id='word_1_236' title='bbox 671 3559 710 3619; x_wconf 84' lang='grc' dir='ltr'><strong>τὰ</strong></span> <span class='ocrx_word' id='word_1_237' title='bbox 734 3560 906 3641; x_wconf 80' lang='grc' dir='ltr'><strong>πράγματα</strong></span> <span class='ocrx_word' id='word_1_238' title='bbox 931 3551 1032 3619; x_wconf 85' lang='grc' dir='ltr'><strong>αύτῶν</strong></span> <span class='ocrx_word' id='word_1_239' title='bbox 1059 3553 1317 3632; x_wconf 81' lang='grc' dir='ltr'><strong>ἀποδεδώκασιν,</strong></span> <span class='ocrx_word' id='word_1_240' title='bbox 1347 3555 1431 3621; x_wconf 84' lang='grc' dir='ltr'><strong>ἀλλὰ</strong></span> <span class='ocrx_word' id='word_1_241' title='bbox 1457 3564 1514 3622; x_wconf 90' lang='grc' dir='ltr'><strong>καί</strong></span> 
     </span>
     <span class='ocr_line' id='line_1_27' title="bbox 236 3679 1513 3769; baseline 0.001 -24"><span class='ocrx_word' id='word_1_242' title='bbox 236 3682 336 3765; x_wconf 85' lang='grc' dir='ltr'><strong>πλοίῳ</strong></span> <span class='ocrx_word' id='word_1_243' title='bbox 353 3681 597 3766; x_wconf 78' lang='grc' dir='ltr'><strong>λοχχοβαρδικῳ</strong></span> <span class='ocrx_word' id='word_1_244' title='bbox 621 3680 821 3767; x_wconf 84' lang='grc' dir='ltr'><strong>ἐντυχόντες,</strong></span> <span class='ocrx_word' id='word_1_245' title='bbox 840 3680 882 3752; x_wconf 83' lang='grc' dir='ltr'><strong>είς</strong></span> <span class='ocrx_word' id='word_1_246' title='bbox 908 3685 945 3744; x_wconf 86' lang='grc' dir='ltr'><strong>τὰ</strong></span> <span class='ocrx_word' id='word_1_247' title='bbox 971 3685 1052 3766; x_wconf 88' lang='grc' dir='ltr'><strong>μέρη</strong></span> <span class='ocrx_word' id='word_1_248' title='bbox 1076 3690 1132 3766; x_wconf 84' lang='grc' dir='ltr'><strong>της</strong></span> <span class='ocrx_word' id='word_1_249' title='bbox 1156 3679 1284 3765; x_wconf 84' lang='grc' dir='ltr'><strong>Κύπρου</strong></span> <span class='ocrx_word' id='word_1_250' title='bbox 1301 3679 1513 3769; x_wconf 81' lang='grc' dir='ltr'><strong>ἀπερχομένῳ</strong></span> 
     </span>
     <span class='ocr_line' id='line_1_28' title="bbox 236 3805 1513 3894; baseline 0.001 -22"><span class='ocrx_word' id='word_1_251' title='bbox 236 3811 292 3872; x_wconf 85' lang='grc' dir='ltr'><strong>καί</strong></span> <span class='ocrx_word' id='word_1_252' title='bbox 320 3805 578 3892; x_wconf 86' lang='grc' dir='ltr'><strong>ἀποκρισιαρίους</strong></span> <span class='ocrx_word' id='word_1_253' title='bbox 607 3818 664 3892; x_wconf 83' lang='grc' dir='ltr'><strong>της</strong></span> <span class='ocrx_word' id='word_1_254' title='bbox 693 3807 858 3890; x_wconf 90' lang='grc' dir='ltr'><strong>βασιλείας</strong></span> <span class='ocrx_word' id='word_1_255' title='bbox 889 3827 948 3890; x_wconf 90' lang='grc' dir='ltr'><strong>μου</strong></span> <span class='ocrx_word' id='word_1_256' title='bbox 973 3805 1090 3890; x_wconf 84' lang='grc' dir='ltr'><strong>ἔχοντι,</strong></span> <span class='ocrx_word' id='word_1_257' title='bbox 1115 3809 1168 3870; x_wconf 90' lang='grc' dir='ltr'><strong>τόν</strong></span> <span class='ocrx_word' id='word_1_258' title='bbox 1197 3829 1230 3869; x_wconf 87' lang='grc' dir='ltr'><strong>τε</strong></span> <span class='ocrx_word' id='word_1_259' title='bbox 1260 3808 1513 3894; x_wconf 83' lang='grc' dir='ltr'><strong>θεοφιλέστατον</strong></span> 
     </span>
     <span class='ocr_line' id='line_1_29' title="bbox 238 3931 1512 4020; baseline 0 -22"><span class='ocrx_word' id='word_1_260' title='bbox 238 3934 410 3998; x_wconf 70' lang='grc' dir='ltr'><strong>ἐπίσκοπον</strong></span> <span class='ocrx_word' id='word_1_261' title='bbox 432 3931 546 4018; x_wconf 85' lang='grc' dir='ltr'><strong>Πιίφοο</strong></span> <span class='ocrx_word' id='word_1_262' title='bbox 574 3937 630 3997; x_wconf 89' lang='grc' dir='ltr'><strong>καί</strong></span> <span class='ocrx_word' id='word_1_263' title='bbox 651 3934 804 4018; x_wconf 86' lang='grc' dir='ltr'><strong>πρόεδρον</strong></span> <span class='ocrx_word' id='word_1_264' title='bbox 829 3943 889 3996; x_wconf 89' lang='grc' dir='ltr'><strong>τῶν</strong></span> <span class='ocrx_word' id='word_1_265' title='bbox 914 3932 1212 4015; x_wconf 76' lang='grc' dir='ltr'><strong>πρωτοσυγκέλλων,</strong></span> <span class='ocrx_word' id='word_1_266' title='bbox 1237 3937 1293 3996; x_wconf 90' lang='grc' dir='ltr'><strong>καί</strong></span> <span class='ocrx_word' id='word_1_267' title='bbox 1316 3937 1368 3997; x_wconf 84' lang='grc' dir='ltr'><strong>τόν</strong></span> <span class='ocrx_word' id='word_1_268' title='bbox 1385 3939 1512 4020; x_wconf 89' lang='grc' dir='ltr'><strong>φρέριον</strong></span> 
     </span>
     <span class='ocr_line' id='line_1_30' title="bbox 239 4053 1513 4144; baseline 0.002 -24"><span class='ocrx_word' id='word_1_269' title='bbox 239 4055 433 4122; x_wconf 86' lang='grc' dir='ltr'><strong>Σπανίουλον</strong></span> <span class='ocrx_word' id='word_1_270' title='bbox 463 4053 567 4136; x_wconf 82' lang='grc' dir='ltr'><strong>Ούγυν</strong></span> <span class='ocrx_word' id='word_1_271' title='bbox 603 4061 658 4121; x_wconf 90' lang='grc' dir='ltr'><strong>καί</strong></span> <span class='ocrx_word' id='word_1_272' title='bbox 693 4060 744 4120; x_wconf 86' lang='grc' dir='ltr'><strong>τόν</strong></span> <span class='ocrx_word' id='word_1_273' title='bbox 780 4057 878 4129; x_wconf 77' lang='grc' dir='ltr'><strong>λίζιον</strong></span> <span class='ocrx_word' id='word_1_274' title='bbox 913 4055 1133 4140; x_wconf 88' lang='grc' dir='ltr'><strong>καβαλλοίριον</strong></span> <span class='ocrx_word' id='word_1_275' title='bbox 1162 4066 1217 4142; x_wconf 84' lang='grc' dir='ltr'><strong>της</strong></span> <span class='ocrx_word' id='word_1_276' title='bbox 1253 4057 1417 4140; x_wconf 87' lang='grc' dir='ltr'><strong>βασιλείας</strong></span> <span class='ocrx_word' id='word_1_277' title='bbox 1452 4082 1513 4144; x_wconf 88' lang='grc' dir='ltr'><strong>μου</strong></span> 
     </span>
     <span class='ocr_line' id='line_1_31' title="bbox 239 4179 1513 4267; baseline 0.002 -23"><span class='ocrx_word' id='word_1_278' title='bbox 239 4179 366 4244; x_wconf 85' lang='grc' dir='ltr'><strong>Πιπῑνον</strong></span> <span class='ocrx_word' id='word_1_279' title='bbox 402 4183 454 4246; x_wconf 90' lang='grc' dir='ltr'><strong>τόν</strong></span> <span class='ocrx_word' id='word_1_280' title='bbox 480 4181 646 4258; x_wconf 80' lang='grc' dir='ltr'><strong>Πισσαῖον,</strong></span> <span class='ocrx_word' id='word_1_281' title='bbox 683 4186 738 4246; x_wconf 90' lang='grc' dir='ltr'><strong>καί</strong></span> <span class='ocrx_word' id='word_1_282' title='bbox 767 4182 809 4265; x_wconf 83' lang='grc' dir='ltr'><strong>τῳ</strong></span> <span class='ocrx_word' id='word_1_283' title='bbox 838 4182 967 4264; x_wconf 89' lang='grc' dir='ltr'><strong>τοιούτῳ</strong></span> <span class='ocrx_word' id='word_1_284' title='bbox 992 4180 1091 4265; x_wconf 85' lang='grc' dir='ltr'><strong>πλοίῳ</strong></span> <span class='ocrx_word' id='word_1_285' title='bbox 1121 4181 1298 4266; x_wconf 86' lang='grc' dir='ltr'><strong>ληστρικῶς</strong></span> <span class='ocrx_word' id='word_1_286' title='bbox 1327 4179 1513 4267; x_wconf 73' lang='grc' dir='ltr'><strong>ἐπιθέμενοι</strong></span> 
     </span>
     <span class='ocr_line' id='line_1_32' title="bbox 240 4301 1512 4394; baseline 0.006 -27"><span class='ocrx_word' id='word_1_287' title='bbox 240 4309 438 4390; x_wconf 86' lang='grc' dir='ltr'><strong>κατίσχυσαν</strong></span> <span class='ocrx_word' id='word_1_288' title='bbox 462 4309 518 4369; x_wconf 88' lang='grc' dir='ltr'><strong>καί</strong></span> <span class='ocrx_word' id='word_1_289' title='bbox 542 4301 653 4380; x_wconf 84' lang='grc' dir='ltr'><strong>αύτού,</strong></span> <span class='ocrx_word' id='word_1_290' title='bbox 679 4311 735 4370; x_wconf 87' lang='grc' dir='ltr'><strong>καί</strong></span> <span class='ocrx_word' id='word_1_291' title='bbox 764 4307 836 4377; x_wconf 90' lang='grc' dir='ltr'><strong>τούς</strong></span> <span class='ocrx_word' id='word_1_292' title='bbox 866 4309 921 4391; x_wconf 87' lang='grc' dir='ltr'><strong>μὲν</strong></span> <span class='ocrx_word' id='word_1_293' title='bbox 950 4303 1192 4391; x_wconf 72' lang='grc' dir='ltr'><strong>Λογχιβοίρδοος</strong></span> <span class='ocrx_word' id='word_1_294' title='bbox 1221 4311 1384 4393; x_wconf 89' lang='grc' dir='ltr'><strong>μαχαίρας</strong></span> <span class='ocrx_word' id='word_1_295' title='bbox 1407 4329 1512 4394; x_wconf 89' lang='grc' dir='ltr'><strong>παρα-</strong></span> 
     </span>
     <span class='ocr_line' id='line_1_33' title="bbox 239 4428 1512 4512; baseline 0.004 -23"><span class='ocrx_word' id='word_1_296' title='bbox 239 4428 370 4512; x_wconf 87' lang='grc' dir='ltr'><strong>νοίλωμα</strong></span> <span class='ocrx_word' id='word_1_297' title='bbox 400 4429 528 4505; x_wconf 83' lang='grc' dir='ltr'><strong>ἔθεντο,</strong></span> <span class='ocrx_word' id='word_1_298' title='bbox 554 4431 606 4492; x_wconf 83' lang='grc' dir='ltr'><strong>τόν</strong></span> <span class='ocrx_word' id='word_1_299' title='bbox 635 4431 670 4492; x_wconf 85' lang='grc' dir='ltr'><strong>δὲ</strong></span> <span class='ocrx_word' id='word_1_300' title='bbox 701 4429 826 4494; x_wconf 86' lang='grc' dir='ltr'><strong>Πιπῐνον</strong></span> <span class='ocrx_word' id='word_1_301' title='bbox 856 4429 1009 4496; x_wconf 88' lang='grc' dir='ltr'><strong>Πισσαίον</strong></span> <span class='ocrx_word' id='word_1_302' title='bbox 1033 4435 1089 4494; x_wconf 85' lang='grc' dir='ltr'><strong>καί</strong></span> <span class='ocrx_word' id='word_1_303' title='bbox 1114 4432 1165 4494; x_wconf 91' lang='grc' dir='ltr'><strong>τόν</strong></span> <span class='ocrx_word' id='word_1_304' title='bbox 1191 4429 1382 4495; x_wconf 83' lang='grc' dir='ltr'><strong>Σπανίουλον</strong></span> <span class='ocrx_word' id='word_1_305' title='bbox 1407 4428 1512 4512; x_wconf 79' lang='grc' dir='ltr'><strong>Ούχον</strong></span> 
     </span>
     <span class='ocr_line' id='line_1_34' title="bbox 240 4553 1511 4645; baseline 0.004 -30"><span class='ocrx_word' id='word_1_306' title='bbox 240 4555 319 4637; x_wconf 83' lang='grc' dir='ltr'><strong>μετὰ</strong></span> <span class='ocrx_word' id='word_1_307' title='bbox 354 4557 409 4617; x_wconf 90' lang='grc' dir='ltr'><strong>καί</strong></span> <span class='ocrx_word' id='word_1_308' title='bbox 445 4566 503 4618; x_wconf 87' lang='grc' dir='ltr'><strong>τῶν</strong></span> <span class='ocrx_word' id='word_1_309' title='bbox 537 4559 730 4642; x_wconf 73' lang='grc' dir='ltr'><strong>πραγμάτων</strong></span> <span class='ocrx_word' id='word_1_310' title='bbox 766 4553 867 4620; x_wconf 76' lang='grc' dir='ltr'><strong>αὐτῶν</strong></span> <span class='ocrx_word' id='word_1_311' title='bbox 905 4554 1139 4634; x_wconf 86' lang='grc' dir='ltr'><strong>ἀπολελύκασι,</strong></span> <span class='ocrx_word' id='word_1_312' title='bbox 1172 4559 1224 4620; x_wconf 87' lang='grc' dir='ltr'><strong>τόν</strong></span> <span class='ocrx_word' id='word_1_313' title='bbox 1260 4559 1511 4645; x_wconf 83' lang='grc' dir='ltr'><strong>θεοφιλέστατον</strong></span> 
     </span>
     <span class='ocr_line' id='line_1_35' title="bbox 242 4677 1510 4768; baseline 0.004 -27"><span class='ocrx_word' id='word_1_314' title='bbox 242 4677 412 4743; x_wconf 84' lang='grc' dir='ltr'><strong>ἐπίσκοπον</strong></span> <span class='ocrx_word' id='word_1_315' title='bbox 447 4679 560 4768; x_wconf 82' lang='grc' dir='ltr'><strong>Πάφου</strong></span> <span class='ocrx_word' id='word_1_316' title='bbox 596 4687 652 4748; x_wconf 87' lang='grc' dir='ltr'><strong>καί</strong></span> <span class='ocrx_word' id='word_1_317' title='bbox 681 4686 774 4768; x_wconf 87' lang='grc' dir='ltr'><strong>μόνον</strong></span> <span class='ocrx_word' id='word_1_318' title='bbox 810 4681 841 4746; x_wconf 82' lang='grc' dir='ltr'><strong>έν</strong></span> <span class='ocrx_word' id='word_1_319' title='bbox 871 4683 998 4768; x_wconf 82' lang='grc' dir='ltr'><strong>δεσμοῖς</strong></span> <span class='ocrx_word' id='word_1_320' title='bbox 1028 4685 1121 4768; x_wconf 87' lang='grc' dir='ltr'><strong>μέχρι</strong></span> <span class='ocrx_word' id='word_1_321' title='bbox 1149 4691 1203 4746; x_wconf 83' lang='grc' dir='ltr'><strong>του</strong></span> <span class='ocrx_word' id='word_1_322' title='bbox 1230 4691 1282 4746; x_wconf 85' lang='grc' dir='ltr'><strong>νόν</strong></span> <span class='ocrx_word' id='word_1_323' title='bbox 1307 4687 1510 4768; x_wconf 79' lang='grc' dir='ltr'><strong>κατέχοντες.</strong></span> 
     </span>
     <span class='ocr_line' id='line_1_36' title="bbox 240 4806 1510 4894; baseline 0.006 -29"><span class='ocrx_word' id='word_1_324' title='bbox 240 4811 341 4867; x_wconf 80' lang='grc' dir='ltr'><strong>ταῦτα</strong></span> <span class='ocrx_word' id='word_1_325' title='bbox 356 4807 458 4868; x_wconf 82' lang='grc' dir='ltr'><strong>πάντα</strong></span> <span class='ocrx_word' id='word_1_326' title='bbox 474 4808 561 4890; x_wconf 84' lang='grc' dir='ltr'><strong>παρὰ</strong></span> <span class='ocrx_word' id='word_1_327' title='bbox 578 4817 637 4870; x_wconf 88' lang='grc' dir='ltr'><strong>τῶν</strong></span> <span class='ocrx_word' id='word_1_328' title='bbox 656 4806 822 4894; x_wconf 85' lang='grc' dir='ltr'><strong>ΙΠισσαίων</strong></span> <span class='ocrx_word' id='word_1_329' title='bbox 846 4811 903 4874; x_wconf 88' lang='grc' dir='ltr'><strong>καί</strong></span> <span class='ocrx_word' id='word_1_330' title='bbox 927 4817 986 4872; x_wconf 86' lang='grc' dir='ltr'><strong>τῶν</strong></span> <span class='ocrx_word' id='word_1_331' title='bbox 1010 4806 1197 4874; x_wconf 82' lang='grc' dir='ltr'><strong>Γεννουϊτῶν</strong></span> <span class='ocrx_word' id='word_1_332' title='bbox 1221 4810 1510 4894; x_wconf 84' lang='grc' dir='ltr'><strong>κατεπράχθηααν,</strong></span> 
     </span>
    </p>
   </div>
   <div class='ocr_carea' id='block_1_4' title="bbox 0 0 1596 5264">
    <p class='ocr_par' dir='ltr' id='par_1_4' title="bbox 0 0 1596 5264">
     <span class='ocr_line' id='line_1_37' title="bbox 0 0 1596 5264; baseline 0 0"><span class='ocrx_word' id='word_1_333' title='bbox 0 0 1596 5264; x_wconf 95' lang='lat' dir='ltr'><strong> </strong></span> 
     </span>
    </p>
   </div>
  </div>
 </body>
</html>
