3132 5268
252 365 315 437 196

250 577 319 642 ταῖς
345 571 406 632 τῶν
433 565 591 652 δεομένων
621 565 765 654 αίτῆσεσι
792 571 849 633 καί
879 577 915 653 τῆ
942 563 1014 651 παρ’
1040 561 1137 631 αύτοῶ
1165 565 1316 650 βασιλείῳ
1339 563 1506 650 λαμπηδόνι

250 692 324 765 τούς
352 686 634 778 εύεργετουμένους
662 691 938 780 καταραιδρύνυιν,
975 690 1058 755 ἀλλὰ
1091 694 1149 754 καί
1176 691 1230 774 τῆν
1255 699 1314 753 τῶν
1340 687 1442 753 ἄλλων
1466 685 1509 751 εύ-

249 833 338 882 νοιαν
362 811 465 902 ἑαυτῷ
488 815 672 880 είσαοιεῖται
694 819 751 880 καί
775 818 869 890 σῶίει
893 817 928 880 τύ
953 813 1165 901 ἐμπιστευθέν
1189 811 1274 900 αύτῷ
1297 816 1353 878 καί
1376 831 1509 898 χορηγη-

249 941 308 1004 θέν
337 937 375 1004 ἐκ
410 941 491 1004 θεοῦ
527 947 640 1026 σχῆμα
667 949 723 1027 τῆς
757 940 932 1024 βασιλείας·
966 940 1158 1024 προκεῖσθαι
1192 941 1254 1024 γὰρ
1282 934 1410 1022 ἀνάγκη
1445 935 1508 1006 τούς

250 1063 403 1146 βασιλέας
425 1065 531 1127 κοινόν
557 1060 700 1141 ἀγαθάν,
736 1060 801 1127 οἶόν
830 1083 900 1126 τινα
927 1065 1001 1148 μίαν
1030 1059 1175 1126 ἁπάντων
1204 1059 1379 1146 ἀνθρώπων
1404 1059 1509 1145 ψυχὴν,

250 1185 371 1272 μᾶλλον
399 1182 428 1250 δ’
457 1185 562 1264 εἰπεῖν,
598 1189 749 1272 καθάπερ
778 1191 865 1260 τινὰς
894 1183 1076 1270 ἐπιτρόπους
1098 1189 1156 1251 καί
1182 1184 1366 1271 κηδεμόνας
1392 1181 1434 1266 τῷ
1457 1190 1508 1244 τῶν

249 1307 424 1396 ἀνθρώπων
449 1315 546 1389 γένει,
570 1311 651 1375 θεοῦ
675 1314 730 1374 καί
753 1319 810 1396 τῆς
833 1307 972 1396 ἀοράτου
997 1313 1052 1373 καί
1076 1305 1198 1396 ὑψηλῆς
1222 1309 1347 1372 ἐκείνου
1369 1309 1508 1392 προνοίας

249 1431 405 1533 ύπηρέτας
439 1439 496 1498 καί
530 1437 698 1521 μάρτυρας.
734 1443 790 1522 τῆς
824 1435 859 1499 δέ
895 1436 1044 1520 τοιαύτης
1078 1437 1206 1520 γνώμης
1239 1429 1341 1498 αύτῶν
1376 1436 1433 1496 καί
1461 1437 1509 1493 τού

248 1560 425 1642 βούλεσθαι
461 1562 571 1633 σῶζειν
607 1561 680 1624 τόδε
717 1562 751 1623 τύ
786 1568 899 1660 σχῆμα
935 1557 1085 1644 ἀκέραιον
1121 1553 1180 1622 ούκ
1211 1554 1249 1621 ἂν
1284 1552 1355 1642 έχοι
1385 1553 1509 1639 ἐναργέ-

249 1705 359 1769 στερον
384 1680 519 1772 ἐκρῆναι
547 1693 677 1770 σημείον
712 1691 767 1746 τού
792 1684 835 1768 μῆ
860 1685 955 1768 μόνον
983 1683 1168 1747 κατανεύειν
1203 1677 1337 1766 ἑτοίμας
1373 1690 1437 1752 τοῖς
1464 1677 1509 1741 αί-

247 1816 335 1872 τυῶσι
364 1810 404 1872 τά
431 1807 557 1883 δίκαια,
594 1804 679 1871 ἀλλὰ
713 1811 769 1871 καί
796 1805 929 1870 οἴκοθεν
964 1807 1108 1892 μηδένιεν
1136 1803 1304 1870 αἰτούντων
1332 1804 1510 1888 προθύμους

247 1929 325 1995 εἶναι
347 1934 420 2017 περί
436 1934 493 2004 τάς
516 1926 721 2017 εὐσχήμονας
744 1931 879 2016 δωρεὰς,
903 1927 1042 1995 ἑκάστου
1065 1939 1220 2014 τιμῶντας
1244 1929 1300 2014 τῆν
1324 1925 1438 2012 ἀρετὴν
1460 1927 1510 1988 καί

245 2054 379 2140 δωρεαῖς
405 2055 657 2141 προβιβάίυντας
689 2051 883 2140 εύπρεπέσιν·
911 2049 977 2139 ύσιρ
1006 2057 1067 2138 γάρ
1100 2054 1154 2118 διὰ
1181 2061 1242 2116 τῶν
1269 2053 1509 2138 χορηγουμένων

246 2173 296 2242 ὁπ’
320 2174 421 2242 αὐτῶν
456 2179 580 2264 δωρεῶν
604 2189 669 2250 τοῖς
698 2176 808 2251 ἄλλοις
843 2177 1152 2259 συγκαταβαίνοντες
1180 2173 1341 2262 ὁμιλοῦσι,
1377 2176 1510 2256 τοσούτῳ

246 2301 386 2386 μάλιστα
413 2303 448 2365 τά
477 2309 532 2388 τῆς
562 2302 726 2384 βασιλείας
763 2300 885 2387 ἀξίωμα
921 2301 1147 2386 μεγαλύνουσι,
1181 2300 1285 2386 πηγῆν
1319 2303 1377 2362 καί
1410 2299 1509 2361 κοινόν

245 2437 429 2510 πρυτανεῖον
459 2426 671 2499 ένδεικνύντες
700 2421 796 2512 αύιην
824 2429 882 2490 καί
906 2428 1012 2510 πάσης
1036 2421 1175 2503 ἐπιγείου
1199 2421 1303 2510 ἀρχῆς
1327 2421 1509 2508 ἀκρώρειαν.

334 2551 394 2616 Διὰ
422 2550 461 2637 δὴ
490 2557 590 2614 ταῦτα
625 2549 838 2636 ἀποβλέψασα
863 2546 884 2636 ἡ
914 2549 1061 2632 βασιλεία
1091 2569 1152 2634 μου
1182 2551 1261 2634 πρύς
1296 2549 1350 2634 τῆν
1384 2546 1510 2636 ἐπιφανῆ

246 2683 302 2760 τῆς
330 2674 592 2759 μεγαλοπρεποῦς
625 2675 748 2747 πόλεως
776 2673 978 2760 Φλωρεντίας
1005 2675 1175 2760 κοινότητα
1203 2675 1258 2735 καί
1283 2670 1321 2758 ῆν
1345 2675 1510 2758 κέκτηνται

247 2795 363 2883 ἀρετὴν
387 2800 443 2860 καί
465 2801 537 2882 περί
560 2800 599 2861 τὰ
622 2798 710 2862 καλὰ
732 2801 789 2862 καί
811 2807 940 2877 γενναῖα
969 2796 1242 2882 μεγαλοπρέπειαν
1270 2798 1327 2858 καί
1355 2789 1431 2858 ὅσον
1458 2795 1510 2856 δό-

246 2923 302 3006 ξης
326 2918 555 2986 ἀντιποιοῦνται
579 2920 636 2986 καὶ
659 2923 865 3008 δικαιοσύνης
887 2925 944 2985 καί
968 2919 999 2984 ἐν
1023 2931 1117 2986 πᾶσιν
1142 2917 1333 3007 ὀρθότητος,
1365 2924 1422 2984 καί
1445 2921 1511 3004 βυο-

246 3045 365 3132 λομένη
401 3047 515 3133 ταύτην
552 3039 626 3110 ὅσον
657 3043 774 3110 ἔνεστιν
805 3041 913 3130 ἐξᾶραι
942 3065 975 3108 τε
1003 3041 1060 3107 καὶ
1088 3051 1218 3130 τιμῆσαι
1252 3046 1307 3108 καί
1338 3043 1512 3126 βασιλικαῖς

246 3177 495 3257 κατακοσμῆσαι
530 3167 662 3256 δωρεαῖς
692 3173 748 3234 καί
779 3169 833 3233 διὰ
865 3171 904 3232 τά
927 3169 1139 3255 προειρημένα
1164 3171 1235 3253 μέν,
1268 3165 1313 3232 ἔτι
1338 3165 1376 3232 δέ
1399 3171 1455 3232 καί
1476 3163 1512 3230 δι’

245 3291 283 3379 ῆν
306 3293 376 3378 περί
398 3287 485 3380 ἡμᾶς
509 3290 577 3378 ἅμα
600 3297 656 3357 καί
679 3296 719 3358 τὰ
749 3289 890 3380 ἡμέτερα
918 3287 1113 3367 ἐνεδείξαντο
1142 3289 1296 3377 σπουδῆν,
1330 3293 1512 3377 θεραπείαν,

246 3419 347 3480 πίστιν
376 3419 432 3480 καί
459 3413 641 3502 ἐπιμέλειαν
670 3414 702 3480 ἐν
727 3425 766 3503 τῆ
793 3417 938 3502 παρούσῃ
968 3423 1024 3500 τῆς
1059 3415 1224 3498 βασιλείας
1253 3435 1313 3500 μου
1345 3412 1395 3480 ἐπί
1427 3414 1513 3502 τῆνδε

248 3539 303 3628 τῆν
340 3541 565 3628 μεγαλοπρεπῆ
600 3541 690 3606 πολιν
730 3535 831 3605 αὐτῶν
868 3537 1019 3626 ἐπιδημία
1049 3539 1103 3604 διὰ
1133 3539 1187 3626 τῆν
1220 3541 1433 3626 συγκρότησιν
1464 3543 1513 3603 καί

247 3665 464 3752 πρυβιβασμόν
489 3675 545 3753 τῆς
570 3663 658 3751 ἱερᾶς
682 3670 738 3732 καί
763 3661 858 3746 άγίας
889 3663 1110 3753 οὶκουμενικῆς
1134 3663 1281 3743 συνόδου,
1312 3661 1377 3753 ἤδη
1410 3667 1514 3752 ἐπιχυ-

248 3801 338 3878 ρηγεῑ
372 3785 479 3864 αύτυῐς
511 3793 563 3855 τόν
593 3795 736 3878 παρόντα
769 3789 1006 3877 χροσόβουλλον
1042 3791 1137 3869 λόγον
1176 3785 1289 3878 αύτῆς,
1324 3789 1365 3856 δι’
1396 3789 1434 3858 ού
1463 3796 1514 3857 καί

248 3913 432 4001 διορίζεται,
460 3915 606 4000 δωρεῖταί
634 3937 666 3980 τε
694 3917 750 3979 καί
773 3913 986 4000 ἐπιβραβεύει,
1016 3907 1068 3978 ἵνα
1092 3911 1156 3980 ἀπὸ
1178 3921 1232 3979 τού
1257 3921 1310 3980 νύν
1334 3921 1392 3982 καί
1417 3917 1461 3990 εἰς
1483 3917 1513 3980 τύ

248 4035 320 4124 έξῆς
342 4039 514 4114 διαπαντὸς
537 4037 593 4104 καὶ
616 4039 771 4125 διηνεκῶς
795 4035 811 4102 δ
836 4035 989 4124 ἐπιφανὴς
1013 4039 1111 4123 χορύς
1139 4047 1197 4102 τῶν
1227 4039 1319 4104 ἐννέα
1348 4049 1404 4128 τῆς
1433 4043 1513 4128 πριό-

249 4183 304 4248 της
327 4167 383 4229 καί
405 4169 582 4253 κοροραίας
605 4159 678 4247 παρ’
703 4157 809 4234 αὐτοῖς
832 4163 964 4238 τάξεως,
999 4167 1155 4226 τουτέστιν
1179 4159 1196 4226 ύ
1221 4169 1440 4253 σημαιοφόρος
1464 4173 1515 4251 τῆς

249 4285 453 4376 δικαιοσύνης
475 4293 531 4353 καί
554 4287 584 4353 οἱ
608 4289 662 4352 σόν
688 4281 772 4371 αύτῷ
798 4287 901 4351 λοιποί
925 4283 1025 4363 όκτιδ,
1055 4283 1085 4350 οἱ
1107 4293 1222 4373 πρῶτοι
1246 4298 1305 4354 τῶν
1330 4301 1465 4378 τεχνῶν,
1489 4287 1516 4354 οί

253 4405 313 4472 ἀπό
327 4419 392 4475 τού
414 4419 467 4476 νῦν
491 4415 547 4476 καί
570 4411 615 4485 είς
638 4413 673 4475 τά
698 4407 769 4497 ἑξῆς
794 4407 939 4495 ἐσόμενοι
964 4415 1169 4497 συνημμένος
1192 4433 1225 4477 τε
1248 4411 1305 4478 καὶ
1328 4410 1425 4500 δμοῶ,
1448 4413 1516 4501 παρ’

252 4526 326 4596 ὅσον
351 4531 388 4596 ἀν
412 4539 525 4620 χρόνον
550 4533 581 4600 ἐν
606 4546 645 4622 τῆ
672 4535 893 4621 προρρηθείση
928 4534 1130 4621 διαμείνωσιν
1167 4533 1253 4624 ἀρχῆ
1280 4542 1336 4603 καί
1365 4537 1438 4624 ἀξία
1465 4543 1518 4604 καί

253 4650 289 4718 ού
312 4662 500 4742 περαιτέρω,
531 4659 646 4744 ἔχουσιν
671 4657 780 4724 ἄδειαν
804 4659 909 4744 πλῆρη
940 4663 996 4723 καί
1029 4656 1172 4735 ἐξουσίαν
1198 4653 1308 4748 ἐντελῆ
1333 4672 1389 4728 τού
1412 4675 1517 4742 ποιεῖν,

252 4781 510 4872 προχειρίζεσθαι
539 4785 594 4846 καί
624 4791 770 4845 συνισταν
802 4785 967 4866 νοταρίυυς
999 4778 1047 4868 ἥτ’
1080 4779 1132 4846 ούν
1165 4785 1415 4874 ταβουλλαρίους
1447 4787 1517 4853 ἱκα-
