3132 5268
349 593 485 664 XXXIX.
503 599 735 666 6939-1431.
752 601 804 665 26.
821 597 894 665 maii
909 597 975 666 ind.
992 597 1045 666 IX.

76 759 225 832 Imperator
240 761 367 819 Ιοαιιιιεε
383 764 578 836 Ροίοεοίορττε
593 776 736 838 ρεοτοροτ
756 768 786 821 in
802 785 895 822 ακτιοτ
910 769 1034 842 quinquo
1049 769 1208 824 ακιονίοκεε
1219 771 1332 840 pactio-

508 907 557 944 τιατ
572 907 634 944 oum
656 889 765 945 Venetis
776 890 886 962 saccas.

152 1035 419 1125 †⁷l‹odvvv2<‚
450 1037 494 1104 έν
517 1041 698 1128 Χριστῷ
719 1041 773 1128 τῷ
795 1043 886 1128 θεῷ
911 1044 1078 1117 πιστάς
1107 1042 1334 1126 βασιλεῦς
1378 1083 1379 1088 1

74 1165 141 1226 καί
185 1157 491 1252 αὐτοκράτωρ
525 1163 769 1252 Ῥωμαίων,
816 1163 1209 1248 δΠαλαιολύγος
1253 1172 1333 1234 καί

73 1281 136 1350 ἀεὶ
191 1285 467 1368 αὐγοοστος.
519 1287 587 1356 έπεί
625 1287 642 1356 ὁ
682 1289 834 1378 ἐπιφανὴς
875 1293 932 1358 καί
986 1292 1230 1379 μεγαλοπρεπὴς
1272 1301 1332 1376 κῦρ

72 1409 289 1495 Φραντζέσκος
316 1412 519 1500 Φοῦσκαρις,
554 1417 635 1482 θεοῦ
670 1419 777 1502 χάριτι
804 1416 878 1492 δούξ
905 1415 1056 1491 Βενετίας
1083 1422 1140 1482 καί
1163 1420 1202 1484 τὰ
1225 1418 1331 1492 λοιπά,

73 1539 140 1620 πρὸς
164 1533 250 1623 ἡμᾶς
276 1543 334 1603 καί
361 1540 416 1626 τῆν
439 1549 496 1626 τῆς
518 1535 675 1626 ἡμετέρας
701 1541 867 1624 βασιλείας
889 1546 1065 1628 παρουσίαν
1090 1539 1274 1608 ἀπέστειλεν
1298 1539 1331 1606 ἐν

71 1660 472 1746 τῆίίωνσταντινοοπῦλει,
508 1677 547 1752 τῆ
582 1662 670 1752 ἡμῶν
697 1669 863 1754 περιφημιρ
896 1667 1002 1744 πόλει,
1038 1669 1092 1732 τόν
1127 1664 1331 1756 ίξηρημένον,

73 1779 172 1872 εὐγενῆ
197 1791 253 1852 καί
276 1791 426 1876 φρόνιμον
451 1787 564 1875 ἄνδρα,
600 1797 659 1876 κῦρ
687 1787 844 1875 Μαρτίνον
867 1791 903 1855 δὲ
927 1789 1090 1869 Μοῦστον,
1126 1789 1251 1878 ἔντιμον
1275 1797 1333 1860 καί

72 1919 217 1998 περιφανῆ
248 1907 488 1998 ἀποκρισιάριον
517 1907 614 1978 αὐτοῦ
643 1911 687 1986 τίς
715 1917 860 2000 τὰμέρη
885 1923 940 2000 τῆς
963 1911 1151 2000 Ῥωμανίας,
1187 1917 1333 1980 σύνδικον

73 2054 101 2094 τε
133 2039 187 2098 καί
222 2031 387 2120 ἐπίτροπον
423 2030 520 2100 αὐτοῦ
555 2043 610 2100 τοῦ
646 2034 816 2124 ἐπιφανοῦς
850 2041 907 2102 καὶ
946 2039 1208 2124 μεγαλοπρεποῦς
1237 2047 1334 2124 κοροῦ

74 2155 181 2230 δοοκῦς
214 2161 271 2222 καί
298 2166 353 2222 τοῦ
388 2162 578 2245 κοομοονίοιι
604 2157 769 2236 Βενετίας,
805 2158 922 2245 ἔχοντα
958 2159 1066 2248 ἐντελῆ
1102 2161 1248 2238 έξοοσίοιν
1277 2161 1333 2228 καὶ

72 2279 174 2344 ἄδειαν
197 2287 254 2346 καί
278 2279 408 2368 ὁρισμὸν
436 2279 626 2368 τρακταίσαι
652 2287 708 2348 καί
735 2292 867 2370 ποιῆσαι
888 2289 945 2350 καί
969 2286 1147 2370 βεβαιῶσαι
1170 2291 1225 2352 καί
1247 2287 1332 2374 κλη-

70 2413 160 2486 φῦσαι
193 2407 308 2490 τρέβας
342 2405 399 2470 καί
433 2409 601 2493 σονθῆκας
636 2409 692 2478 τὰς
727 2411 896 2493 κατωτέρω
931 2413 1178 2497 γραφησομένας
1214 2411 1329 2496 μεταξῦ

71 2524 150 2614 ἡμῶν
177 2553 211 2594 τε
239 2535 373 2618 καὶτῆς
400 2527 557 2618 ἡμετέρας
591 2531 758 2614 βασιλείας
792 2537 847 2596 καί
882 2543 936 2600 τοῦ
971 2539 1200 2622 προειρημένοι
1234 2545 1332 2622 κοροῦ

71 2651 178 2726 δοοκδς
212 2657 268 2719 καί
302 2662 358 2718 τοῦ
392 2659 582 2740 κοομοονίοο
617 2653 781 2733 Βενετίας,
817 2659 931 2730 καθὼς
970 2657 1124 2745 δηλοῦται
1162 2661 1215 2724 διά
1250 2681 1332 2734 τινος

72 2779 251 2862 γράμματος
275 2777 427 2842 δοοκικοῦ
452 2775 549 2842 αὐτοῦ
578 2787 633 2843 τοῦ
657 2780 829 2867 ἐπιφανοῦς
852 2783 908 2845 καί
931 2783 1192 2868 μεγαλοπρεποῦς
1216 2783 1333 2858 δοοκός

69 2905 117 2963 καί
139 2909 195 2966 τοῦ
218 2905 409 2986 κοομοονίοο
433 2901 594 2979 Βενετίας,
619 2908 892 2989 κατωχορωμένοιι
916 2905 1036 2990 βοῦλλη
1062 2906 1228 2993 μολιβδίνη
1254 2912 1333 2994 μετὰ

66 3032 201 3108 σχοινίου
220 3027 410 3110 μεταξωτοῦ,
433 3026 587 3100 δοθέντος
611 3024 703 3112 ἐντῷ
726 3027 867 3114 δοοκικῷ
887 3028 1032 3114 παλατίῷ
1057 3024 1153 3094 αὐτοῦ
1174 3038 1229 3094 τοῦ
1253 3053 1332 3096 κοο-

69 3153 187 3230 μοιινίοο
210 3147 274 3212 ἔτει
297 3147 359 3214 ἀπὸ
383 3159 439 3238 τῆς
462 3158 517 3214 τοῦ
533 3149 671 3236 Χριστοῦ
695 3154 889 3236 σαρκώσεως
913 3151 1065 3238 χιλιοστῷ
1080 3154 1334 3242 τετρακοσιοστῷ

70 3274 251 3358 τριακοστῷ,
275 3273 444 3338 ὶνδικτιῦνι
467 3273 504 3360 η’,
528 3271 632 3361 ἡμέρη
649 3274 689 3340 ια’
712 3283 767 3338 τοῦ
789 3271 884 3360 μάίοο
909 3278 1007 3362 μηνός
1027 3279 1113 3342 κατὰ
1129 3279 1164 3340 τῦ
1182 3276 1260 3352 έθος
1276 3287 1331 3366 τῆς

68 3392 225 3474 Βενετίας,
252 3395 299 3460 ἔτι
326 3397 361 3462 δὲ
390 3402 447 3462 καί
474 3398 528 3462 διὰ
558 3402 746 3484 γράμματος
770 3398 922 3462 δοοκικοῦ
944 3401 1126 3474 πιστώσεως
1151 3395 1247 3466 αὐτοῦ
1275 3411 1331 3466 τοῦ

69 3530 156 3604 τοροῦ
193 3521 310 3594 δουκός
345 3523 401 3585 καί
428 3529 482 3584 τοῦ
511 3525 700 3606 κοομοονίοο
734 3519 882 3595 Βενετίας
911 3522 1080 3596 σταλέντος
1107 3519 1180 3610 ἡμῖν
1210 3528 1330 3614 κοίτη

68 3638 199 3730 ἡμετέρα
223 3645 372 3730 βασιλεία
394 3649 449 3710 καὶ
473 3645 627 3719 δοθέντος
651 3643 683 3709 ἐν
706 3643 749 3732 τῷ
770 3650 986 3732 προειρημένῳ
1013 3647 1158 3734 παλατίῷ
1187 3657 1242 3714 τοῦ
1270 3645 1330 3738 ῥη-

68 3767 170 3842 θέντος
194 3773 386 3855 κοομοονίοο
411 3768 489 3847 ἔτει,
515 3773 603 3856 μηνὶ,
626 3765 733 3856 ἡμέρα
748 3773 804 3834 καὶ
824 3768 1004 3849 ίνδικτιῦνι,
1029 3768 1072 3844 ὥς
1096 3770 1252 3858 ἀνωτέρω·
1276 3776 1332 3838 καί

71 3895 166 3972 μέντοι
201 3897 282 3978 μετὰ
316 3893 465 3968 ποικίλας
500 3889 628 3978 ὁμιλίας
662 3898 719 3957 καί
750 3895 985 3980 τρακταῐσμούς
1015 3901 1186 3982 γενομένας
1214 3899 1330 3984 μεταξὺ

70 4008 146 4098 ἡμων
174 4039 208 4080 τε
242 4020 298 4081 καί
326 4027 382 4104 τῆς
410 4017 575 4100 βασιλείας
610 4012 699 4104 ἡμῶν
727 4021 783 4082 καί
816 4025 872 4082 τοῦ
906 4025 1134 4108 προειρημένοι
1169 4021 1329 4100 σονδίκοο,

73 4135 226 4223 ἐτιτρόποο
254 4145 309 4205 καὶ
339 4139 581 4226 ἀποκρισιαρίοο
609 4149 813 4229 περιφανοῦς,
849 4138 939 4228 ἡμεῖς
962 4141 1121 4230 Ἰωάννης,
1150 4141 1182 4208 ἐν
1205 4144 1331 4232 Χριστῷ

75 4257 109 4344 τῷ
132 4264 196 4348 θεῷ
218 4266 328 4336 πιστὸς
364 4264 513 4347 βασιλεῦς
548 4268 604 4328 καί
633 4260 838 4352 αὐτοκράτωρ
866 4262 1037 4351 Ῥωμαίων,
1062 4265 1079 4332 ὁ
1104 4265 1329 4348 Παλαιολὸγος

77 4379 106 4443 δι’
127 4381 210 4472 ἡμῶν
234 4391 290 4452 καί
320 4395 376 4474 τῆς
405 4388 570 4470 βασιλείας
596 4382 699 4474 ἡμῶν,
729 4387 775 4454 ἔτι
804 4411 836 4452 τε
860 4399 919 4454 τῶν
947 4390 1153 4476 κληρονόμων
1175 4395 1232 4456 καί
1255 4392 1327 4456 δια-

78 4501 165 4592 δόχων
186 4507 284 4598 ἡμῶν,
310 4508 427 4597 ὁμοίως
450 4511 485 4574 δέ
509 4515 565 4576 καί
589 4507 606 4574 δ
631 4509 795 4598 εἰρημένος
819 4509 1077 4598 ἀποκρισιοίριος,
1102 4515 1249 4587 σύνδικος
1272 4520 1328 4580 καί

80 4621 224 4716 ἐπίτροπος
257 4637 374 4721 δικαίῳ
408 4638 465 4700 καί
493 4631 624 4720 ὐνὸματι
652 4643 706 4699 τοῦ
740 4639 971 4722 προειρημένου
999 4645 1097 4722 κοροῦ
1128 4639 1245 4714 δοοκδς
1272 4643 1329 4704 καί

83 4762 124 4820 τοῦ
143 4768 327 4853 κοομοονίοο
354 4761 505 4836 Βενετίας
530 4757 606 4848 ὑπὲρ
631 4759 758 4848 εἰρήνης
781 4765 837 4828 καί
861 4758 988 4850 ἀγάπης
1011 4761 1211 4850 ἑκατέρωθεν
1235 4761 1330 4856 ὐφει·

1097 4875 1130 4934 12
