3132 5268
254 355 317 432 1'98

251 565 305 644 σία
340 559 370 624 οἰ
401 562 635 646 προρρηθέντες
675 560 832 648 ἐπιφανείς
867 560 978 646 ἄνδρες
1013 567 1165 646 νομίμους
1200 563 1429 646 καταστήσωσι
1460 565 1511 624 καί

250 690 414 770 γνησίους,
451 679 531 746 οότω
566 695 698 748 νοῶνται
733 688 788 749 καί
822 683 881 749 ὠσι
909 688 1036 770 νόμιμοί
1065 706 1097 748 τε
1132 688 1187 748 καί
1215 687 1339 770 γνήσιοι
1373 687 1430 746 καί
1461 694 1511 770 τῆς

249 811 396 894 τοιαύτης
425 805 611 873 ἀπολαύωσι
646 813 866 896 γνησιότητος,
901 807 982 874 ὥστε
1012 810 1134 895 μηδένα
1169 811 1281 894 τρόπον
1311 805 1372 872 ἀπό
1404 809 1512 871 τοότων

248 931 433 1012 ἐγγίνεσθαι
455 937 616 1018 πρόκριμα
640 943 704 1007 τοῖς
727 943 787 998 τῶν
812 939 948 1021 γνησίων
976 938 1032 998 καί
1061 939 1175 1019 κυρίως
1202 932 1342 1019 νομίμων
1370 935 1510 1010 δικαίοις,

250 1061 329 1144 μήτε
364 1057 656 1143 παραβλάπτεσθαι
691 1062 747 1131 τὰς
782 1060 897 1122 τούτων
933 1057 1119 1142 ἐλευθερίας
1154 1057 1188 1122 ἔν
1223 1079 1256 1123 τε
1289 1059 1511 1146 κληρονομίαις

248 1187 306 1246 καί
328 1182 497 1268 διαδοχαῖς
519 1185 576 1246 καί
599 1179 632 1246 έν
657 1179 796 1255 άπάσαις
825 1193 891 1256 ταῖς
916 1181 977 1248 ἀπό
1003 1193 1061 1246 τῶν
1085 1183 1303 1269 κληρονομιῶν
1327 1187 1383 1247 καί
1406 1183 1511 1248 διαδο-

249 1318 315 1393 χῶν
343 1311 429 1372 κατὰ
456 1310 492 1372 τό
529 1305 700 1390 ἐπιβάλλον
734 1309 908 1393 διανομαῖς.
940 1317 978 1395 τη
1008 1315 1082 1386 γοῦν
1109 1308 1198 1394 ἰοχόι
1227 1312 1284 1372 καί
1310 1309 1440 1394 δυνάμει
1462 1317 1512 1372 τοί

250 1435 406 1518 παρόντος
440 1432 681 1518 χρυσοβοόλλοο
714 1432 812 1512 λόγου
841 1441 896 1518 τῆς
932 1433 1095 1516 βασιλείας
1130 1455 1190 1518 μου
1217 1431 1338 1509 ἕξουσιν
1374 1431 1435 1498 ἀπό
1463 1443 1513 1497 τοῦ

249 1565 301 1620 νόν
325 1561 381 1620 καί
405 1555 450 1628 εἰς
479 1559 514 1620 τό
542 1554 613 1641 ἑξῆς
640 1558 812 1630 διαπαντός
839 1561 896 1620 καί
924 1558 1078 1642 διηνεκῶς
1106 1554 1123 1620 ὁ
1151 1563 1377 1643 προειρημένος
1405 1558 1513 1644 ἐπιφα-

251 1681 305 1766 νής
328 1682 427 1765 χορός
451 1690 511 1744 τῶν
536 1677 627 1744 ἐννέα
650 1689 705 1765 τῆς
728 1685 852 1767 πρῶτης
881 1685 936 1745 καί
963 1688 1141 1768 κορυφαίας
1164 1678 1236 1766 παρ’
1261 1677 1367 1754 αότυίς
1391 1683 1512 1756 τάξεως,

249 1807 406 1868 τουτέστιν
435 1800 452 1868 ό
481 1806 699 1890 σημαιοφόρος
735 1813 788 1890 τῆς
824 1804 1029 1890 δικαιοσύνης
1064 1809 1119 1870 καί
1146 1803 1176 1869 οἱ
1207 1805 1261 1870 σόν
1298 1801 1383 1891 αότῷ
1416 1807 1513 1870 λοιποί

249 1925 344 2005 όκιῶ,
369 1925 400 1991 σί
421 1936 539 2013 πρῶτοι
562 1927 688 2013 δηλαδή
714 1937 772 1992 τῶν
797 1937 926 2014 τεχνῶν,
951 1927 981 1992 οἰ
1005 1926 1066 1994 ἀπό
1088 1937 1142 1994 τοῦ
1166 1938 1219 1993 νῦν
1242 1932 1298 1993 καὶ
1321 1928 1366 2002 εἰς
1389 1933 1424 1996 τό
1446 1927 1512 2014 ἑξῆς

248 2054 395 2140 ἐσόμενοι
420 2059 625 2141 συνημμένως
648 2076 681 2118 τε
704 2057 761 2118 καί
784 2051 881 2140 όμοί,
908 2052 980 2140 παρ’
1005 2051 1080 2118 όσον
1104 2053 1141 2120 ἂν
1166 2060 1280 2142 χρόνον
1306 2054 1338 2120 ἐν
1363 2067 1402 2144 τῆ
1424 2079 1513 2142 προρ-

247 2181 395 2265 ρηθείση
410 2179 610 2264 διαμείνωσιν
636 2176 722 2264 ἀρχῆ
746 2182 801 2242 καί
825 2175 897 2263 ἀξίιρ
919 2183 975 2243 καί
999 2174 1036 2243 οό
1059 2183 1247 2264 περαιτέρω,
1276 2181 1381 2267 πλήρη
1410 2178 1514 2246 ἄδειαν

246 2307 303 2367 καί
326 2301 436 2388 ἐντελῆ
461 2300 605 2377 ἐξουσίαν
630 2311 685 2366 τοῦ
713 2313 826 2381 ποιεῖν,
861 2305 1124 2389 προχειρίζεσθαι
1158 2307 1214 2368 καὶ
1250 2315 1396 2369 συνιστᾶν
1423 2324 1511 2369 νοτα-

248 2430 332 2512 ρίους
365 2423 414 2511 ήτ’
450 2423 503 2490 οὖν
539 2425 789 2511 ταβουλλαρίυυς
824 2424 955 2500 ίκανοός
983 2423 1077 2500 ὄντας
1107 2425 1157 2492 ἰπὶ
1185 2429 1284 2512 τοότιρ
1312 2433 1368 2494 καί
1395 2428 1512 2500 εἰδότας

248 2554 435 2635 γράμματα,
464 2547 520 2623 οδς
549 2547 629 2633 όμοό
654 2571 687 2612 τε
710 2553 830 2624 πάντας
854 2553 911 2614 καί
936 2549 1004 2634 ἰδία
1030 2548 1167 2616 ἕκαστον
1197 2549 1300 2617 αὐτῶν
1328 2553 1511 2638 προσδέξον·

248 2695 299 2738 ται
322 2677 379 2738 καί
401 2674 632 2758 προβιβάσουσι
660 2684 697 2759 τῆ
727 2672 876 2760 εἰρημένη
906 2683 961 2761 τῆς
988 2684 1158 2762 νοταρικῆς
1188 2673 1235 2762 ἥτ’
1260 2673 1313 2740 οόν
1338 2677 1511 2760 ταβουλλα-

249 2807 340 2884 ρικῆς
378 2797 559 2883 λειτουργία
596 2801 904 2884 κατακοσμήσαντες
944 2796 1134 2884 ἐξητακότες
1172 2802 1323 2886 πρότερον
1361 2803 1413 2864 τόν
1453 2802 1512 2884 βίον

112 2957 114 2960 ·
249 2919 350 2986 αὐτῶν
374 2925 430 2986 καί
454 2924 489 2986 τό
514 2919 709 3008 ἐπιτήδευμα
741 2921 880 3008 ἀκριβῶς
904 2925 960 2986 καί
984 2927 1149 3007 κρίναντες
1177 2921 1308 2997 ἱκανοὺς
1331 2933 1391 2990 τῶν
1414 2926 1512 2989 τοιοό-

249 3067 308 3110 των
337 3041 505 3132 όπυδοχεῖς
534 3067 568 3110 τε
596 3050 653 3110 καί
680 3045 897 3130 λειτουργοὺς,
927 3043 980 3132 ἀφ’
1005 3043 1046 3110 ὧν
1070 3049 1126 3110 καί
1152 3046 1307 3133 λήψονται
1332 3044 1428 3132 δρκον
1453 3071 1510 3114 σω·

249 3173 382 3256 ματίκόν
417 3175 473 3234 καί
508 3166 695 3257 ὑπόσχεσιν,
731 3168 811 3235 ὥστε
846 3180 1011 3257 πανταχοῦ
1046 3171 1174 3246 πιστυός
1206 3169 1285 3236 εἶναι
1308 3183 1347 3260 τῆ
1372 3173 1512 3257 βασιλεία

249 3298 337 3381 [μου]
366 3301 422 3360 καί
452 3298 507 3384 τήν
536 3296 703 3383 εἰρημένην
729 3305 784 3383 τῆς
813 3305 982 3384 νοταρικῆς
1009 3293 1056 3382 ἤτ’
1085 3293 1138 3360 οὖν
1167 3297 1422 3386 ταβουλλαρικῆς
1451 3299 1509 3362 λετ·

248 3425 394 3505 τουργίαν
419 3419 450 3485 ἐν
474 3431 553 3485 πάσι
577 3429 639 3492 τοῖς
669 3419 876 3504 συμβολαίοις
910 3423 966 3483 καί
995 3419 1254 3507 συναλλάγμασιν
1290 3431 1353 3496 τοῖς
1381 3418 1429 3487 ὑπ’
1458 3419 1508 3487 αιἰ-

248 3555 307 3608 τῶν
344 3547 568 3630 γενησομένοις
601 3551 719 3616 πιστῶς
753 3541 887 3629 ἐνεργεῖν
922 3545 979 3606 καί
1012 3539 1118 3629 όρθῶς
1151 3547 1207 3609 καί
1236 3542 1310 3610 ἄνευ
1337 3547 1435 3611 δόλου
1462 3549 1510 3612 καὶ

249 3671 425 3753 σκευωρίας
447 3665 467 3754 ἢ
493 3665 616 3754 ἀπάτης
641 3669 793 3752 μετιέναι,
830 3668 985 3753 καθαρῶς
1019 3646 1052 3731 τε
1086 3671 1142 3732 καί
1169 3665 1345 3754 εἰλικρινῶς
1375 3671 1507 3736 διοικεῖν.

249 3773 370 3865 τοότοις
394 3790 424 3855 οἰ
447 3789 607 3878 εἰρημένοι
631 3789 789 3878 ἐπιφανεῖς
814 3789 941 3876 ἄνδρες,
970 3787 987 3855 δ
1012 3813 1045 3856 τε
1070 3796 1288 3880 σημαιοφόρος
1312 3803 1368 3882 τῆς
1390 3795 1506 3860 δικαιο-

248 3918 344 4001 σόνης
367 3919 424 3980 καί
447 3912 477 3979 οἱ
503 3925 622 4001 πρῶτοι
648 3925 708 3978 τῶν
736 3923 855 4001 τεχνῶν
884 3914 1058 4001 ένθήσουσι
1082 3919 1137 3980 καί
1161 3914 1385 4005 ἐγχειρήσουσι
1408 3919 1508 3986 ἄδειαν

247 4041 468 4127 πληρεστάτην
504 4043 561 4105 καί
588 4037 731 4115 ἐξουσίαν
767 4038 875 4126 ἐντελῆ
905 4047 960 4103 τοῦ
987 4051 1085 4104 ποιεῖν
1117 4043 1304 4128 γράμματα,
1340 4047 1508 4130 συμβόλαια

250 4169 429 4231 συντιθέναι
457 4179 589 4231 παντοία
623 4169 680 4230 καί
698 4143 908 4252 συγγραφὰς,
938 4165 1189 4254 συναλλάγματά
1216 4191 1250 4233 τε
1273 4173 1328 4234 καί
1352 4171 1508 4261 διαθήκας

249 4294 305 4355 καί
329 4287 435 4366 ἁπλῶς
457 4293 562 4356 πάντα
584 4293 624 4356 τά
658 4301 697 4378 τῆ
725 4291 875 4378 εἰρημένη
911 4286 1066 4378 ὑπηρεσία
1095 4295 1181 4363 κατὰ
1212 4296 1327 4379 νόμους
1357 4293 1508 4385 ἀνήκοντα

250 4421 306 4480 καί
334 4419 418 4481 κατὰ
447 4421 485 4482 τὰ
514 4427 574 4480 τῶν
604 4415 726 4480 πόλεων
758 4415 873 4503 ἔθιμα,
909 4417 942 4480 έν
972 4411 1021 4488 αίς
1045 4423 1374 4507 συναστραφήσονται,
1409 4433 1507 4498 ποιεῖν,

252 4539 469 4627 ὑπαγορεύειν,
498 4543 637 4630 γράφειν,
665 4542 818 4628 πληροῦν,
854 4541 1090 4607 συντιθέναι“τε
1113 4547 1170 4608 καί
1194 4541 1356 4611 ἐκτιθέναι
1380 4553 1435 4614 καί
1457 4550 1508 4632 βα-

252 4667 359 4754 σιλική
386 4665 591 4750 διαβεβαιοόν
613 4669 669 4732 καί
695 4663 850 4753 ἐμπεδοῦν
875 4663 1010 4751 ἐξουσία.
1037 4665 1083 4731 ἐτι
1105 4664 1126 4754 ἡ
1151 4668 1296 4752 βασιλεία
1321 4694 1382 4757 μου
1405 4673 1506 4759 δωρεῖ-

251 4815 302 4858 ται
336 4801 399 4867 τοῖς
433 4791 656 4878 προρρηθεῖσιν
691 4788 870 4881 ἐπιφανέσιν
906 4787 1051 4877 ἀνδράσι,
1087 4791 1130 4880 τῷ
1159 4815 1192 4859 τε
1220 4799 1428 4886 σημαιοφόριρ
1457 4805 1505 4882 τῆς
