3132 5268
1264 349 1325 416 201

69 543 207 626 βασιλεία
236 565 298 628 μου
327 541 520 630 ἀποδέχεται
553 548 610 608 καί
638 541 675 608 ἐκ
710 547 825 618 παντὸς
858 549 973 632 τρόπου
1007 544 1215 630 περιθαλπειν
1244 543 1329 632 λρίε-

68 673 141 746 ται),
169 671 225 734 καὶ
251 667 292 734 δι’
320 667 358 756 ήν
388 666 581 746 ἐνεδείξαντο
604 673 673 756 περί
695 670 751 758 τήν
775 671 940 756 βασιλείαν
969 691 1028 756 μου
1051 673 1168 746 πίστιν,
1201 666 1328 755 ἀγάπην

69 795 117 856 καὶ
140 789 264 857 εὔνοιαν
288 796 344 856 καί
366 797 517 880 πρότερον
541 797 612 878 μλν,
644 795 785 880 μάλιστα
807 795 842 860 δὲ
868 792 975 868 ἰξότυυ
999 803 1187 878 σωματικῶς
1212 790 1329 880 ἐπεδή-

68 936 159 1000 μησεν
182 913 233 980 ἰπὶ
257 917 350 1003 τήνδε
373 917 428 1003 τήν
452 927 607 1006 περιφανῆ
631 918 721 982 πόλιν
746 913 858 995 αἰτῶν,
882 918 937 1004 τήν
958 916 1172 1004 Φλωρεντίαν,
1196 917 1250 982 διὰ
1273 916 1329 1004 τήν

68 1044 270 1127 συγκρότησιν
297 1044 353 1106 καὶ
380 1043 568 1128 προβίβασιν
592 1051 649 1130 τής
672 1039 757 1128 ἱερός
781 1045 838 1108 καί
866 1039 961 1122 ἁγίας
989 1041 1084 1130 τήσδτ
1113 1041 1246 1106 συνόδου
1274 1045 1331 1108 καί
1418 1070 1421 1079 ·

67 1161 298 1251 οἰκουμενικής,
334 1166 469 1252 (πολλήν
505 1170 565 1252 γὰρ
599 1170 670 1254 περί
704 1163 790 1254 ήμας
818 1169 970 1252 καὶπερὶ
998 1169 1037 1232 τὰ
1063 1161 1204 1250 ἡμέτερα
1226 1168 1330 1232 πιόντα

67 1285 252 1364 ἐνεδείξαντο
279 1292 469 1375 θεραπείαν,
499 1287 643 1377 ἀγάπην,
667 1291 821 1377 σπουδήν,
846 1293 938 1378 τιμήν
962 1312 994 1354 τε
1018 1293 1074 1356 καὶ
1098 1287 1252 1370 εὔνοιαν),
1276 1285 1329 1356 εἰ·

66 1425 160 1498 μενᾱις
187 1410 359 1490 ὑπεδέξατο
388 1415 518 1488 τούτους
546 1418 603 1480 καί
631 1425 699 1488 ταῖς
729 1413 891 1502 αἰτήσασιν
920 1409 1021 1482 αἰτῶν
1057 1412 1223 1480 ἐπένευσεν
1255 1412 1328 1480 ἰλα-

65 1547 128 1620 ρύς.
153 1542 208 1602 καί
233 1536 343 1625 ἐπειδή
367 1537 399 1602 οἰ
420 1543 645 1627 προειρημένοι
666 1547 848 1628 περιφανεῖς
871 1536 1036 1626 ἄρχοντες,
1053 1534 1070 1602 ὅ
1088 1561 1121 1603 τε
1145 1541 1328 1626 σημαισρό·

66 1685 111 1743 ρος
133 1671 188 1746 τής
212 1663 420 1749 δικαιοσύνης
446 1667 501 1728 καί
526 1661 555 1728 οἱ
584 1671 703 1748 πρῶτοι
730 1671 790 1728 τύν
819 1673 939 1750 τεχνίον
974 1658 1105 1747 δνόματι
1133 1665 1189 1727 καί
1212 1661 1328 1746 δικαίιρ

64 1787 160 1871 πάσης
183 1796 238 1872 τής
263 1788 524 1872 μεγαλοπρεποῦς
547 1789 733 1872 κοινότητος
756 1790 813 1851 καί
836 1795 891 1852 τού
914 1786 1018 1874 δήμου
1042 1793 1097 1871 τῆς
1119 1783 1326 1872 Φλωρεντίας

67 1905 229 1995 ἐζήτησαν,
264 1907 317 1974 ἵνα
345 1905 600 1996 εἰπργετήσωμεν
628 1911 705 1996 πρός
741 1905 856 1984 αύτούς
885 1911 936 1974 τόν
964 1911 1041 1974 ναόν
1071 1917 1125 1974 τού
1149 1913 1326 1994 μακαρίτου

65 2031 177 2118 Πέτρου
202 2043 258 2098 τοῦ
284 2034 463 2100 ἀποστόλου
492 2037 544 2100 τόν
568 2032 644 2100 ὄντα
667 2033 699 2103 ἐν
724 2045 761 2121 πή
785 2039 1000 2122 προειρημένη
1027 2032 1241 2122 θεορυλάκτιρ
1265 2035 1326 2116 βα-

66 2158 152 2222 σιλίδι
174 2160 267 2224 πόλει
290 2155 394 2246 ἡμων,
419 2171 457 2246 πή
481 2159 828 2236 Κωνσιαντινουπόλει,
851 2157 886 2232 δς
909 2155 948 2245 ήν
970 2179 1047 2227 ποτε
1071 2167 1130 2224 τῶν
1155 2155 1326 2236 Πισσαίων,

66 2279 115 2346 καί
141 2293 279 2368 χρῶνται
308 2279 392 2367 αύτῷ
417 2289 533 2370 κυρίως
561 2287 617 2350 καί
640 2284 850 2362 δεσποτικός,
875 2281 1004 2368 ἔχοντες
1035 2280 1146 2350 ἄδειαν
1174 2279 1326 2348 ἀνανεούν

65 2400 148 2472 αὐτόν
175 2410 231 2472 καί
261 2405 438 2482 ἀνακτίζειν
467 2411 552 2475 κατὰ
584 2408 640 2494 τήν
668 2403 784 2498 αύτιῐινΙ
802 2405 968 2492 βούλησιν,
1004 2409 1186 2492 σωζομένου
1218 2409 1326 2492 μέντοι

64 2533 111 2594 καί
136 2533 373 2618 φυλαττομένου
408 2541 462 2596 τοῦ
496 2535 619 2620 πρώτου
655 2527 752 2598 αύτού
777 2533 955 2618 σχήματος.
985 2531 1032 2598 ἔτι
1053 2529 1106 2599 ἵνα
1139 2530 1239 2618 ἔχωσι
1270 2531 1326 2617 τήν

64 2655 184 2729 λόντζαν
209 2657 264 2742 τήν
289 2659 460 2742 γενομένην
483 2659 559 2722 ποτὲ
583 2666 643 2720 τῶν
671 2654 845 2748 εἰρημένων
868 2655 1046 2734 Πισσαίων,
1072 2653 1104 2720 ἐν
1132 2651 1323 2744 ήδιρείλυυ-

64 2797 103 2842 σιν
136 2777 265 2844 ἀνιστᾶν
301 2780 485 2867 ρλόμουλον
514 2789 571 2867 τής
606 2778 772 2866 εἰρημένης
810 2783 1011 2868 κοινότητος,
1047 2783 1102 2846 καί
1134 2780 1235 2868 ἔχωσι
1269 2778 1325 2846 καὶ
1432 2855 1434 2863 y

65 2904 257 2984 ιοόνσυολον,
283 2903 318 2972 ὃν
341 2902 380 2970 ἂν
404 2902 577 2991 ἐκλέγηται
600 2907 656 2970 καί
677 2907 787 2990 πέμπη
811 2900 857 2968 ἐπ’
882 2899 988 2976 αύτοῖς
1011 2899 1031 2992 ἡ
1057 2902 1206 2992 εἰρημένη
1232 2925 1322 2989 περι-

66 3029 156 3114 ρινής
184 3033 348 3115 κοινότης,
384 3027 503 3114 ίχοντα
531 3026 641 3094 ἄδειαν
669 3033 786 3112 κρίνειν
816 3031 872 3094 καί
897 3025 1135 3118 ἀποφαίνεσθαι
1163 3031 1247 3096 κατὰ
1270 3031 1323 3094 τόν

65 3150 147 3214 τόπον
176 3163 236 3220 τῶν
265 3151 369 3218 ἀλλων
398 3151 599 3217 κουνσυύλων
628 3161 687 3219 τῶν
716 3148 748 3214 ἰν
777 3161 815 3240 τῇ
840 3149 990 3240 εἰρημένη
1019 3151 1109 3219 πόλει
1143 3161 1198 3239 τής
1226 3153 1322 3236 βασι-

64 3273 141 3349 λείας
176 3298 237 3362 μου
272 3288 310 3366 ιή
345 3275 674 3344 Κωνσταντινουπόλει
712 3273 769 3344 καὶ
807 3276 931 3340 τιθέναι
970 3273 1014 3349 εἰς
1048 3275 1194 3364 φυλακήν
1227 3274 1322 3353 ἰδίαν,

66 3397 106 3478 [όν
129 3399 164 3465 ἀν
189 3399 251 3466 ἀπό
276 3410 331 3468 τού
366 3405 476 3482 γένους
500 3397 601 3468 αύτῶν
628 3401 750 3466 δόλοισι
780 3399 970 3484 παιδεύειν],
1004 3397 1042 3488 ήν
1072 3393 1163 3466 αύτοὶ,
1196 3398 1323 3465 οἰκοδο·

65 3525 190 3608 μήσαοσι
215 3529 365 3608 σύνεγγυς
389 3535 444 3614 τής
467 3527 599 3602 λόντζας
624 3521 736 3591 αὐτῶν.
760 3527 817 3588 καί
841 3521 896 3588 ἐάν
918 3545 993 3590 ποτε
1015 3525 1120 3610 συμβῇ
1149 3521 1322 3590 ἀποθανεῖν

64 3649 109 3708 τόν
130 3659 270 3716 τοιοῦτον
295 3651 502 3730 καύνσουλον,
532 3649 650 3738 ίχωσιν
674 3645 720 3716 ἐπ’
746 3646 857 3728 ἀδείας
880 3645 911 3714 οἱ
933 3646 1093 3738 εἰρημένοι
1114 3669 1319 3734 πραγματευ-

66 3769 109 3834 ταὶ
130 3774 327 3854 ἐκλέγεσθαι
353 3773 409 3839 καὶ
437 3772 663 3842 ἀποκαθιστᾶν
693 3772 751 3840 ἕνα
774 3770 811 3840 ἰκ
836 3776 935 3861 μέσου
960 3770 1076 3853 αύτων,
1111 3769 1172 3848 ἕως
1196 3771 1233 3840 ἀν
1258 3795 1322 3860 μα·

66 3895 160 3962 θοῡσα
187 3895 208 3984 ἡ
236 3903 449 3985 προειρημένη
482 3897 656 3984 περιφανής
690 3901 838 3985 κοινότης
874 3891 976 3964 αύτύν
1003 3900 1176 3984 ποιήσηται
1202 3895 1310 3984 ἕτερον

67 4016 103 4082 ἔτι
125 4019 308 4108 ἐδεήθησαν
333 4031 388 4109 τής
412 4024 577 4106 βασιλείας
602 4045 676 4110 μου,
703 4019 756 4088 ἵνα
778 4023 963 4110 δωρήσήται
986 4016 1091 4096 αὐτοῖς
1114 4023 1169 4088 καί
1193 4015 1319 4106 εὐεργε-

64 4146 134 4230 τήση
162 4143 310 4212 ἀτέλειαν
339 4165 408 4210 τινα
435 4151 490 4214 καί
514 4144 704 4230 Ιἰλευθερίαν
739 4153 794 4212 τού
824 4147 983 4232 συνήθους
1010 4149 1066 4242 καί
1097 4147 1321 4230 νενομισμένου

65 4275 259 4354 κομρερκίου.
287 4269 334 4334 ἔτι
359 4267 412 4334 ἵνα
442 4269 559 4356 ἔχωσιν
583 4269 691 4336 ἄδειαν
715 4268 772 4339 καὶ
800 4267 943 4346 ἐξουσίαν
975 4266 1134 4353 ἀγοράσαι
1157 4266 1320 4354 οἰκήματα

65 4385 80 4472 ἰ,
105 4387 355 4480 ἀνοικοδομῆσαι
382 4391 589 4480 ἀναλώμασιν
619 4393 711 4470 ἰδίοις
741 4391 772 4460 ἐν
801 4404 840 4482 πή
863 4389 1077 4480 ,προειρημένη
1112 4391 1318 4476 θευδυξόστῳ
1423 4377 1426 4386 ’

65 4515 111 4576 καί
143 4518 369 4604 θεοφρουρήτιρ
402 4518 577 4606 πόλει.τής
605 4517 769 4604 βασιλείας
804 4538 878 4602 μου,
915 4507 1318 4612 τήΚωνσιαντινουπόλει,

66 4631 132 4723 ύπὲρ
166 4638 372 4714 ἀναπαύσεως
409 4647 465 4706 καί
507 4638 669 4730 ύπσδοχής
707 4651 766 4706 τῶν
803 4641 938 4709 πολιτῶν
977 4643 1033 4705 καὶ
1070 4646 1319 4726 πραγματευτων

67 4756 156 4828 αἰτίον
178 4777 237 4832 τόν
261 4763 365 4832 ἐκεῖσε
389 4771 472 4832 κατὰ
496 4767 626 4856 καιρούς
651 4761 891 4865 εὑρισκομένων.
926 4768 982 4830 καί
1010 4762 1059 4832 ἐπὶ
1081 4774 1161 4833 πᾶσι
1184 4765 1315 4839 τούτοις,
