3132 5268
1260 385 1326 472 Ιδίλ

63 573 89 638 ἐν
113 571 162 648 υίς
190 570 230 660 ην
259 579 317 640 καί
337 577 397 661 τρύ
419 583 474 642 τού
504 579 657 656 ηενίσύαι
679 577 735 664 τήν
763 586 927 663 εαρυύσαν
959 579 1086 663 τρίβον,
1116 578 1246 664 βίβαιον
1269 583 1325 644 καί

63 698 206 786 άκίραιον
231 700 407 786 διαμενίτιε
434 706 490 768 καί
514 701 604 768 ἔσται
626 705 683 768 καί
706 700 788 770 είναι
814 705 965 782 νοείσθω,
990 706 1109 791 ηραρὲν
1131 705 1168 770 τά
1192 702 1323 792 είρημί-

60 843 105 888 νον
142 824 340 910 συμβόλαιον
379 823 444 890 lm
481 824 633 912 χιλιοστῷ
669 827 897 912 τριακοσιοστῷ
931 827 1181 913 τεσσαρακοστῷ
1217 833 1322 915 τρίτιρ,

60 943 157 1032 ἡμίριρ
179 944 312 1034 είκοστη
339 950 447 1034 κράτη
475 955 530 1014 τοῦ
562 945 739 1028 αύτούστυυ
763 957 818 1036 τῆς
841 945 1015 1036 ίνδεκάτης
1037 948 1230 1024 ίνδικτιύνος
1254 973 1324 1038 χει-

60 1075 85 1156 ρί
108 1069 233 1158 Πίτρου
261 1076 313 1136 ντε
340 1069 470 1158 Ἀρίνα,
505 1073 717 1158 τρεσβυτίρου
744 1081 801 1160 της
830 1071 1007 1162 λκκλησίας
1035 1082 1090 1140 τοῖν
1120 1070 1213 1154 άηίου
1234 1073 1323 1162 Βαρ-

59 1195 234 1282 ύολομαίου
261 1192 295 1262 ἐν
323 1205 362 1282 ιη
392 1193 522 1280 Βενετία
555 1199 612 1262 καί
643 1201 790 1284 νοταρίου
817 1195 968 1270 Βενεείας
1001 1201 1058 1264 καί
1092 1197 1323 1284 καντζελαρίου

59 1329 105 1386 τού
140 1329 239 1406 κυροῡ
278 1321 453 1406 μκαῑούλου
491 1331 551 1386 τῶν
588 1319 623 1387 ἐν
659 1320 991 1388 Κανσταντινουιιύλει
1024 1321 1216 1403 Βενετίκιιν,
1246 1319 1322 1409 ύοιίρ

57 1439 93 1508 άν
115 1453 243 1532 χρυσῡν
265 1443 430 1510 δουκάτοιν
454 1447 626 1531 τριάκοντα
647 1441 801 1534 χιλιάδων
831 1446 888 1511 καὶ
910 1443 1025 1532 ίτίρον
1049 1455 1110 1512 τῶν
1132 1449 1323 1534 προειρημέ-

57 1586 109 1632 νιεν
134 1567 169 1632 δν
191 1566 235 1654 τῷ
257 1561 390 1654 βηδίντι
412 1567 598 1654 συμβολαίιρ
626 1568 931 1654 διαλαμβανομάνων
955 1565 972 1633 δ
995 1577 1085 1656 κύρις
1110 1569 1186 1646 zoae
1208 1573 1264 1638 καί
1287 1573 1322 1635 τύ

56 1693 240 1778 κουμούνιον
281 1689 431 1766 Βενετίας
474 1691 605 1778 ἔχουσιν
643 1690 688 1766 είς
727 1688 862 1780 ίνίχυρα
899 1695 1020 1780 κόσμια
1058 1702 1113 1781 τῆς
1152 1694 1322 1778 βασιλείας

57 1819 93 1880 τά
118 1817 332 1902 περιεχόμενα
360 1811 392 1880 ὲν
420 1813 463 1902 τῷ
490 1810 622 1904 ῥηδίντι
650 1815 849 1902 συμβολαίιρ,
884 1819 941 1880 καί
969 1819 1156 1904 σοίομίνιον
1188 1815 1239 1882 ἀεὶ
1265 1823 1322 1886 καί

57 1941 249 2026 τηροομίνιεν
284 1937 446 2028 ἀκεραίοις
477 1937 521 2024 τῷ
552 1937 640 2026 κυρῷ
676 1939 769 2004 δυυκί
800 1943 857 2006 καί
891 1937 935 2027 τῷ
963 1945 1142 2026 κουμοσνίιρ
1169 1939 1320 2016 Βενιτίας

56 2069 171 2130 τάντεεν
199 2073 260 2128 τῶν
287 2063 420 2130 δικαίαν
447 2067 504 2132 καί
528 2061 676 2144 άηυησν,
706 2062 792 2150 άδη
813 2067 870 2128 καί
894 2063 932 2137 άς
955 2060 973 2130 δ
996 2071 1085 2149 κύρις
1108 2064 1183 2142 δούε
1203 2070 1260 2130 καί
1282 2069 1318 2131 τύ

56 2189 238 2274 κουμούνιυν
260 2185 410 2262 Βενετίας
434 2186 562 2274 ἔχουσιν
585 2185 605 2275 ἢ
631 2188 717 2273 ἔχειν
740 2186 890 2252 δύνανται
908 2189 994 2254 κατὰ
1016 2195 1071 2274 τῆς
1096 2187 1261 2271 βασιλείας
1277 2185 1317 2276 ἡ·

56 2321 117 2396 μοέν
137 2315 208 2398 τερί
231 2312 397 2378 δουκάτιιν
419 2321 545 2398 χρυσῶν
567 2313 659 2376 τίνει
682 2309 836 2398 χιλιάδων
860 2319 920 2378 τάν
942 2311 1175 2378 δανεισδίντυν
1200 2322 1239 2400 τη
1260 2313 1318 2396 βα-

58 2434 152 2522 σιλεία
184 2431 274 2523 ἡμῶν
302 2434 335 2502 δν
359 2445 399 2524 τῇ
421 2433 506 2521 Αἴνῳ
533 2435 588 2500 διά
614 2453 698 2509 τινος
725 2435 785 2520 σύρ
812 2433 955 2522 Μαρίνοο
990 2433 1158 2524 Φαλίτρου
1186 2433 1318 2522 δνύρατι

57 2571 105 2626 τού
131 2568 228 2646 κυρυύ
261 2560 380 2634 δουκός
414 2562 552 2626 καὶτοῦ
588 2562 778 2644 κουμουνίου
812 2557 978 2638 Βενεείας,
1014 2554 1091 2644 ὑπὲρ
1119 2556 1162 2624 ὧν
1186 2557 1203 2624 δ
1226 2567 1316 2648 κύρις

56 2684 124 2760 δούξ
149 2687 206 2750 καί
232 2685 269 2749 τύ
296 2685 486 2770 κυομούνιυν
513 2681 665 2758 Βενετίας
692 2682 821 2770 ίχουσιν
845 2681 890 2756 είς
913 2679 1063 2770 ίνίχυρον
1087 2680 1150 2750 &aa
1173 2693 1230 2772 τῆς
1255 2685 1317 2768 βα-

58 2809 169 2884 σάείας
190 2803 281 2894 ἡχοῦν
303 2807 458 2886 ααλάξιυν
481 2807 525 2886 δν,
549 2802 631 2874 οὕτω
654 2810 771 2892 μίντοι,
796 2803 846 2872 ὅτι
868 2803 1120 2895 άτορληβίντυιν
1143 2816 1203 2872 τῶν
1227 2805 1311 2894 είρη·

58 2937 147 3014 μίνιιν
170 2933 262 2998 τίνει
284 2931 440 3018 χιλιάδων
463 2940 590 3018 χρυσῶν
613 2929 778 2998 δουκάτιυν
806 2931 849 3018 τῷ
873 2928 959 3018 σορῷ
980 2929 1072 2994 δυυκί
1090 2928 1147 2996 καὶ
1170 2929 1213 3018 τῷ
1235 2951 1314 2994 κου-

58 3061 163 3142 μουνίιρ
182 3053 334 3128 Βενειίας
356 3055 584 3142 λνεχίσδιεσαν
607 3056 641 3121 τό
665 3051 829 3142 είρημίνον
852 3053 1006 3130 ταλάξιον
1029 3064 1069 3140 τη
1091 3049 1234 3142 ἡμετίριρ
1257 3056 1317 3138 βα-

59 3179 151 3263 σιλεία
177 3177 363 3246 ἀκοδοῦναι
393 3177 441 3244 δτι
463 3175 481 3242 ύ
505 3176 671 3267 εὶρημίνος
694 3186 782 3264 κύρις
806 3175 1062 3263 άτυκρισιιίριυς,
1087 3177 1236 3252 σύνδικος
1259 3180 1316 3242 καί

58 3301 211 3388 ἐείεροτος
247 3311 302 3370 τού
336 3311 434 3390 κυροδ
468 3303 585 3376 δουαύς
612 3306 668 3368 καί
696 3310 751 3368 τού
778 3305 969 3388 κουμουνίου
999 3299 1148 3374 Βενετίας
1175 3299 1231 3369 διὰ
1259 3309 1315 3386 τῆς

58 3429 206 3514 καρούσης
241 3429 425 3516 συμρεενίας
459 3431 516 3492 καί
549 3427 662 3513 τρίβας
698 3422 843 3514 άρίησιν,
877 3421 1045 3510 άνατρίτει
1074 3428 1130 3489 καί
1161 3424 1317 3489 καταλύει

59 3553 149 3626 τάσιις
176 3573 211 3616 τε
239 3555 296 3617 καί
329 3548 470 3625 ίκάστας
498 3554 555 3626 τὰς
591 3549 692 3625 ἄλλας
728 3546 870 3628 ἀδικίας,
906 3550 1087 3638 βαρύτητας
1114 3551 1171 3614 καί
1199 3551 1316 3636 ζημίας

59 3675 103 3748 τὰς
124 3674 357 3762 ίαενεχδείσας
379 3671 451 3760 παρ’
475 3670 564 3762 ἡμῶν
587 3677 643 3740 καί
666 3682 721 3760 τῆς
746 3673 911 3756 βασιλείας
939 3668 1028 3760 ἡμῶν
1056 3676 1113 3736 καὶ
1140 3682 1201 3738 τιον
1228 3673 1314 3738 λαῶν

59 3801 103 3862 καί
124 3797 383 3884 ύεοτεταημίνυν
405 3793 495 3886 ἡμῶν
519 3809 583 3872 τοῖς
605 3796 787 3872 Βενετίκοις
809 3795 865 3862 καὶ
893 3809 1013 3872 πιστοῖς
1038 3805 1093 3862 τού
1116 3805 1213 3882 κυρού
1236 3797 1313 3860 δου-

59 3921 105 3996 ιός
123 3926 177 3990 καὶ
200 3931 257 3987 τοῦ
280 3927 471 4008 κουμουνίου
497 3919 646 3996 Βινιτίας
672 3917 734 3994 ίυς
764 3929 820 4006 τῆς
847 3923 986 4007 σήμερον
1013 3916 1149 4008 ἡμίρας,
1179 3917 1312 3987 λλευδι-

57 4053 108 4126 ριἰν
132 4049 188 4112 καί
216 4043 362 4110 ἀπολύειν
389 4049 446 4112 καί
474 4045 665 4130 ίλευδίροος
694 4047 750 4108 καὶ
779 4043 1033 4130 άτσλελυμίνους
1064 4041 1109 4117 είς
1140 4045 1176 4108 τὸ
1203 4043 1311 4128 διηνε-

57 4172 102 4241 κὲς
133 4168 211 4236 εἶναι
243 4170 349 4236 θίλιον
386 4165 475 4258 ἡμας
511 4173 568 4244 καί
602 4169 656 4256 την
692 4167 857 4252 βασιλείαν
891 4163 980 4256 ἡμῶν
1013 4171 1070 4232 καί
1104 4167 1177 4240 τούς
1214 4167 1312 4240 λαούς

56 4288 131 4376 ἡδὺν
160 4297 217 4360 καί
252 4293 324 4368 τούς
357 4294 576 4382 κληρονόμους
600 4295 656 4358 καί
678 4291 853 4378 διαδόχους
881 4288 970 4380 ἡμῶν
999 4290 1061 4356 ἀπὸ
1090 4301 1149 4358 τῶν
1179 4290 1311 4378 εἰρημέ-

56 4435 106 4480 νον
137 4414 284 4494 ἀδικιῶν,
320 4421 439 4504 ζημιῶν
468 4438 501 4482 τε
529 4419 585 4480 καί
611 4417 866 4502 προσκομμάτων
893 4425 954 4480 τῶν
983 4411 1220 4501 βτενεχθίντιιν
1255 4419 1312 4480 καί

57 4545 218 4627 γενομέναν
260 4544 349 4627 ταρὰ
390 4550 450 4606 τῶν
492 4542 765 4628 τροηγησαρίνιον
810 4535 896 4625 ἡμᾶς
934 4541 991 4604 καί
1032 4548 1092 4604 τῶν
1130 4538 1217 4606 λαιδν
1256 4544 1313 4604 καί

56 4671 105 4726 ιύν
137 4659 396 4750 ύτοτεταημίνοιν
430 4659 503 4750 ἡμίν
538 4666 594 4728 καί
620 4672 676 4752 τῆς
705 4661 873 4746 βασιλείας
906 4657 995 4748 ἡμῶν
1028 4667 1086 4726 καί
1119 4659 1206 4736 ίδίιυς
1241 4668 1312 4752 περὶ

58 4781 171 4854 ἐκείνων
205 4799 265 4856 τῶν
298 4787 341 4875 τῷ
372 4790 456 4876 κυρῷ
481 4788 573 4856 δουκί
606 4791 663 4855 καί
692 4785 733 4872 τῷ
761 4789 939 4874 κουμυυνίιρ
969 4785 1122 4862 Βενετίας
1153 4791 1210 4856 καί
1245 4799 1309 4878 τοῖς
