3132 5268
505 605 598 675 XLII.
615 607 702 674 6947
719 611 835 687 (1439)
852 627 957 672 menso
974 609 1108 692 augusto
1123 603 1186 670 ind.
1203 601 1240 670 11.

235 775 401 847 Imperator
421 775 545 832 Ιοαπκεε
568 775 761 846 Ραίαεοόοραε
785 777 925 848 transfert
948 777 977 828 ιἰι
1000 774 1178 829 florentinos
1201 776 1281 834 iuro,
1308 773 1459 844 μνίυίίερία
1478 783 1499 826 τί

452 900 528 962 loca,
546 917 619 972 φκαε
634 899 743 954 Ρέεακί
757 900 825 956 olim
836 899 1021 970 ροεεόάεόαπί
1037 896 1292 968 Constantinopoli.
1537 873 1538 876 Ἴ

325 1052 345 1128 †
379 1048 424 1114 Τό
459 1062 527 1124 ταίς
562 1047 700 1123 εὐνοίαις
735 1052 792 1114 καί
818 1059 886 1122 ταίς
917 1051 1114 1136 χρηστότησι
1146 1051 1282 1125 πάντας,
1319 1045 1348 1112 εἰ
1379 1044 1444 1112 οἶόν
1471 1053 1498 1110 τί

239 1171 319 1250 ἐστι,
355 1174 428 1246 τοῦς
458 1170 651 1258 ἀνθρώπουο
675 1175 718 1259 μη
742 1170 813 1237 κατ’
838 1170 939 1257 ἄνδρα
961 1175 1072 1258 μόνον,
1105 1169 1191 1236 ἀλλά
1212 1175 1268 1236 καί
1291 1175 1377 1236 κατὰ
1400 1171 1499 1243 πόλεις

237 1297 424 1371 δεξιοῦσθαί
458 1302 570 1362 τεκαὶ
598 1300 826 1383 προσάγεσθαι
855 1297 1020 1380 βασιλικός
1049 1293 1226 1360 ἀπαιτείται
1249 1299 1346 1380 νόμος
1370 1295 1442 1368 τοῦς
1464 1291 1499 1366 εἰς

238 1429 331 1486 τοῦτο
360 1423 526 1508 σχηματος
555 1417 614 1487 ύπό
643 1424 723 1486 θεοῦ
746 1423 974 1516 καθεστῶτας·
1001 1422 1109 1484 κοινόν
1137 1423 1197 1504 γὰρ
1225 1417 1354 1498 ἀγαθόν
1383 1417 1499 1505 ἀνάγκη

237 1547 429 1629 προκεῖσθαι
452 1546 525 1619 τοῦς
549 1547 717 1628 βασιλέας,
742 1543 807 1608 οἷόν
831 1563 901 1609 τινα
925 1549 1001 1628 μίαν
1025 1545 1128 1628 ψυχην
1152 1541 1299 1608 ἁπάντων
1323 1540 1499 1628 ἀνθρώπων,

238 1669 360 1752 μᾶλλον
384 1665 411 1732 δ’
435 1668 545 1746 εἰπεῖν,
569 1672 722 1754 καθάπερ
746 1673 832 1742 τινὰς
856 1665 1038 1754 ἐπιτρόπους
1063 1669 1105 1752 τῴ
1128 1677 1188 1732 τῶν
1213 1664 1391 1752 ἀνθρώπων
1416 1673 1499 1747 γένει,

237 1794 317 1855 θεοῦ
340 1795 396 1856 καί
419 1801 475 1878 της
510 1769 649 1878 ἀοράτου
676 1796 733 1856 καί
762 1788 884 1878 ὑψηλῆς
920 1789 1043 1856 ἐκείνου
1076 1795 1226 1875 προνοίας
1263 1785 1420 1876 ύπηρέτας
1453 1793 1501 1856 καί

185 1911 189 1930 ’
237 1919 406 2002 μάρτυρας·
436 1927 492 2004 τῆς
520 1917 556 2011 δέ
585 1919 733 2003 τοιαύτης
763 1919 891 2002 γνώμης
926 1913 1027 1980 αύτών
1056 1919 1113 1980 καί
1139 1925 1194 1980 τοῦ
1224 1913 1346 1980 τουνονί
1377 1919 1429 1984 τόν
1452 1921 1500 1980 νό-

238 2059 297 2126 μον
332 2045 443 2114 σώζειν
480 2039 645 2128 ἀκίνητον,
680 2037 739 2106 υύκ
775 2038 813 2105 ἀν
842 2039 914 2126 ἰχοι
949 2037 1175 2125 ἐναργέστερον
1211 2035 1346 2126 ἐκφῆναι
1381 2053 1500 2126 σημεῖον

236 2172 292 2230 τοῦ
315 2166 501 2229 κατανεύειν
529 2163 663 2250 ἑτοίμως
691 2177 754 2237 τοῖς
783 2163 907 2230 αἰτοῦσι
935 2167 973 2226 τά
1002 2164 1114 2228 δίκαια
1140 2167 1197 2228 καί
1218 2165 1408 2248 προθύμους
1431 2163 1501 2228 εἶναι

236 2291 306 2372 περί
340 2291 398 2360 τὰς
433 2281 638 2373 εὐσχήμονας
672 2289 805 2373 δωρεάς·
842 2283 933 2352 οὐδέν
969 2289 1029 2371 γὰρ
1064 2295 1124 2352 τῶν
1160 2282 1241 2352 ύλων
1276 2295 1428 2353 τοσοῦτον
1455 2290 1500 2354 τόν

237 2411 374 2494 βασιλέα
406 2423 537 2494 κοσμεῖ,
573 2407 648 2476 ὅσον
672 2413 707 2476 τό
737 2413 815 2496 πρὸς
848 2413 968 2482 πάντας
1004 2405 1132 2494 εύμενός
1155 2383 1217 2476 Ικαί
1244 2411 1435 2498 φιλόδωρον,
1468 2407 1499 2476 ού

237 2539 332 2621 μόνον
361 2538 421 2621 γὰρ
452 2535 506 2600 διὰ
534 2539 649 2600 τούτων
676 2538 755 2601 θεόν
784 2539 869 2600 κατὰ
899 2537 934 2598 τό
969 2535 1101 2600 δυνατόν
1125 2538 1318 2621 μιμούμενος
1354 2543 1500 2624 φαίνεται,

236 2668 315 2724 πᾶσι
347 2669 512 2745 προσηνῶς
547 2655 723 2737 ύπανυίγων
752 2662 792 2723 τό
822 2655 888 2722 ἀπα
918 2662 974 2722 καί
1001 2658 1143 2744 δαψιλῶς
1178 2656 1324 2744 ἐπαρκῶν
1354 2671 1421 2734 ταίς
1448 2670 1500 2724 τῶν

237 2783 396 2868 δεομένων
425 2782 586 2868 αἰτήσασι,
621 2795 659 2869 τη
683 2805 717 2846 τε
741 2780 814 2867 παρ’
844 2776 939 2846 αύτοῦ
964 2782 1115 2866 βασιλείῳ
1143 2782 1325 2869 λαμπηδόνι
1353 2784 1427 2856 τούς
1453 2779 1500 2848 εό-

239 2912 483 2992 εργετουμένυος
516 2909 796 2994 καταφαιδρῦνων,
833 2903 917 2970 ἀλλὰ
944 2908 1000 2970 καί
1029 2905 1084 2991 την
1106 2907 1223 2972 τούτων
1255 2904 1383 2973 εύνοιαν
1406 2905 1501 2990 έαυτιρ

239 3030 437 3108 εἰσποιείται,
471 3034 528 3096 καί
552 3027 617 3115 ὅσῳ
645 3032 700 3094 διὰ
728 3041 787 3094 τῶν
816 3033 1062 3115 χορηγουμένων
1085 3026 1133 3096 ἀπ’
1163 3026 1261 3098 αὐτοῦ
1289 3031 1416 3118 δωρεῶν
1443 3044 1500 3105 τοῖς

239 3152 349 3227 ἄλλοις
373 3156 623 3238 συγκαταβαίνει
644 3158 701 3218 καί
724 3151 841 3238 ὁμιλεῖ,
872 3155 1011 3236 τοσούτω
1040 3155 1178 3238 μάλιστα
1202 3152 1242 3220 δι’
1267 3151 1371 3222 αἰτῶν
1395 3160 1430 3222 τό
1452 3165 1500 3242 της

240 3280 404 3362 βασιλείας
440 3278 555 3364 ἐξαίρει
590 3275 729 3364 ἀξίωμα,
760 3276 810 3342 ἐπί
832 3299 865 3342 τε
887 3279 923 3342 τό
948 3275 1144 3363 ἐξοχώτατον
1170 3279 1371 3366 καθιδρύων,
1405 3284 1500 3368 πηγήν

238 3423 272 3466 τε
296 3407 353 3467 καί
383 3415 566 3487 πρυτανεῖον
601 3405 707 3468 κοινόν
744 3399 958 3466 ἀποδεικνύων
995 3411 1053 3466 τῶν
1087 3407 1308 3489 χαρισμάτων,
1343 3409 1449 3494 πάσης
1473 3427 1502 3467 τε

241 3523 346 3612 ἀρχῆς
382 3523 520 3604 ἐπιγείου
556 3523 741 3612 ἀκρώρειαν.
772 3527 825 3590 διὰ
848 3525 887 3610 δὴ
912 3533 1026 3603 ταῦτα,
1063 3523 1130 3592 ἐπεί
1154 3525 1184 3590 οἱ
1207 3525 1367 3616 ἐπιφανεῖς
1392 3529 1500 3618 ἄρχον-

241 3673 291 3722 τες
315 3659 371 3736 τῆς
396 3650 656 3736 μεγαλοπρεποῦς
688 3650 809 3723 πόλεως
833 3647 1051 3734 Φλωρεντίας,
1083 3647 1101 3714 ό
1129 3655 1348 3739 σημαιοφόρος
1385 3653 1500 3740 δηλαδὴ

241 3783 296 3860 της
319 3773 525 3860 δικαιοσύνης
553 3779 609 3838 καί
637 3773 667 3838 οἰ
690 3783 808 3858 πρῶται
833 3783 891 3838 τῶν
915 3781 1034 3858 τεχνῶν
1065 3770 1196 3858 όνόματι
1226 3778 1283 3840 καί
1309 3777 1426 3863 δικαίῳ
1449 3781 1501 3844 τό·

242 3920 301 3984 σης
322 3907 379 3983 τῆς
401 3899 564 3972 πολιτείας
592 3901 648 3964 καί
670 3907 726 3964 τοῦ
750 3899 853 3983 δήμου
882 3905 937 3982 τῆς
961 3895 1131 3984 εἰρημένης
1158 3898 1280 3972 πόλεως
1307 3899 1502 3987 Φλωρεντίας

242 4021 427 4112 ἐδεήθησαν
451 4032 507 4109 τῆς
532 4023 698 4106 βασιλείας
721 4043 791 4107 μου,
814 4019 868 4084 ἵνα
898 4021 1002 4106 δωρεά
1023 4017 1163 4108 ἡμετέρα
1191 4023 1344 4112 βασιλικῇ
1373 4030 1502 4112 τιμήσω-

243 4167 300 4231 μεν
330 4141 443 4220 αύτούς
474 4151 530 4211 καί
564 4149 781 4232 παράσχωμεν
814 4140 918 4218 αὐτοῖς
950 4143 1137 4230 ἐλευθερίας
1167 4151 1225 4242 to}
1256 4146 1403 4225 ἀτελείας
1426 4155 1502 4221 τινὰς

243 4267 275 4334 ἐν
299 4281 338 4355 τη
361 4271 603 4357 θεοφρουρητιρ,
635 4271 842 4352 θεοδοξοίστιμ
867 4268 1006 4352 βασιλίδι
1030 4269 1120 4334 πόλει
1142 4265 1244 4356 ἡμῶν,
1277 4285 1316 4360 τη
1340 4273 1501 4342 Κωνσταν-

243 4393 429 4470 τινοόπολει,
454 4393 498 4466 εἰς
522 4394 629 4480 τιμην,
663 4393 870 4478 περίθαλψιν,
905 4391 1084 4480 ’ἀσφάλειάν
1116 4415 1148 4458 τε
1176 4399 1231 4460 καί
1262 4392 1427 4487 ύπυδυχην
1452 4410 1504 4464 τῶν

242 4525 488 4601 πραγματευτῦν
520 4513 636 4594 αὐτῶν,
673 4527 732 4582 τῶν
756 4539 790 4582 τε
820 4517 955 4582 πολιτῶν
986 4521 1042 4582 καί
1073 4513 1220 4606 ύπηκόων
1253 4517 1372 4602 αὐτῶν,
1406 4517 1502 4612 ἤδηὴ

244 4639 393 4722 βασιλεία
424 4661 484 4725 μου
508 4641 655 4708 καθόλου
680 4645 734 4728 μέν
759 4642 812 4706 διὰ
837 4643 875 4705 τὰ
898 4638 1124 4728 προειρημένα,
1148 4641 1236 4717 ἰδίως
1259 4645 1295 4710 δέ
1319 4646 1373 4712 διυί
1401 4671 1432 4714 τε
1455 4647 1502 4732 τὴν

243 4757 356 4849 ἀρετὴν
382 4758 483 4828 αὐτῶν
513 4767 569 4828 καί
601 4769 636 4830 τῦ
668 4773 723 4830 τοῦ
750 4769 865 4852 τρόπου
888 4765 1083 4852 φιλόληθες,
1107 4767 1195 4848 (τούς
1213 4771 1280 4854 γὰρ
1304 4763 1503 4856 τοιούτουςύ
