3148 5268
219 334 263 402 7⁰

217 531 305 616 πέριξ
327 539 439 618 χωρῶν
463 535 718 618 κατεστήσαμεν,
744 531 776 609 ἀί
800 531 936 620 ὁρισμῶν
961 544 1016 622 τής
1036 531 1126 621 ἡμῶν
1149 534 1353 622 αὶθριότητος
1369 537 1491 622 συχνήν

218 669 311 744 χεῖρα
345 667 543 742 στρατιωτῶν
577 655 634 721 καί
667 663 770 732 πεζῶν
806 661 1077 745 συναθροίσαντος
1113 664 1169 724 καί
1199 663 1275 745 πρός
1308 658 1493 746 ἀπικουρίαν

218 778 315 848 αὑτοῦ
339 785 425 856 τινάς
449 793 509 846 τῶν
531 793 648 848 πιστῶν
672 781 761 870 ήμῶν
785 793 840 870 τής
864 767 1001 858 Ἰταλίας
1026 785 1325 872 συγκαλεσαμένου,
1349 789 1494 852 τουτέστι

219 909 368 993 στρατιὰν
403 902 462 970 οόκ
496 903 608 992 όλίγην
643 917 703 970 τῶν
739 905 978 994 ἀνδρικωτάτων
1013 909 1240 994 καβαλλαρίων
1269 919 1324 996 τής
1352 909 1494 986 Παπίας,

219 1042 280 1096 τῶν
307 1033 588 1116 καρτερικωτάτων
616 1030 851 1118 Περγαμηνῶν,
875 1043 934 1096 τῶν
962 1029 1124 1118 εότόλμων
1154 1042 1209 1118 τής
1234 1029 1403 1120 Λαοθόης,
1431 1045 1494 1098 τῶν

219 1157 470 1241 θαρσικωτάτιυν
506 1153 709 1241 Ἀλαμάνων,
746 1166 806 1218 τῶν
835 1150 1044 1241 εάττροθίμων
1075 1165 1130 1242 τῆς
1158 1154 1309 1244 Πάρμης,
1338 1167 1396 1221 τῶν
1421 1154 1496 1225 ὅσοι

215 1281 313 1353 θκτός
343 1287 397 1344 τοῦ
425 1283 566 1364 κάστρου
601 1275 698 1344 αὐτοῦ
728 1277 759 1343 ἐν
788 1291 827 1366 πή
854 1284 959 1344 πίστει
987 1289 1042 1366 τῆς
1071 1279 1236 1364 βασιλείας
1266 1277 1367 1368 [ήμῶν
1389 1286 1495 1366 παρέ-

219 1423 331 1490 μειναν
355 1451 362 1467 .
390 1453 396 1467 .
421 1453 428 1467 .
455 1401 485 1466 οἱ
512 1403 698 1480 διώκοντες,
723 1402 751 1467 εἰ
780 1405 822 1490 μή
853 1402 895 1487 οἱ]
923 1402 1010 1476 ἐντός
1039 1413 1093 1490 ιής
1116 1403 1251 1491 Πάρμης
1276 1409 1331 1479 τὰς
1355 1407 1496 1494 γεφόρας

219 1531 420 1613 κατέκοψαν,
460 1530 545 1613 τάχα
585 1524 622 1591 ἀν
660 1523 742 1613 ὁμοί
778 1525 865 1602 ἐντός
898 1537 952 1593 τοῦ
984 1531 1124 1613 κόστρου
1164 1527 1300 1615 Πάρμης
1333 1527 1495 1616 ἐφέροντο.

215 1655 273 1728 τόν
311 1649 462 1716 ἐπινίκιον
500 1647 554 1715 οόν
594 1649 623 1714 οἱ
660 1646 808 1738 ἡμέτεροι
847 1648 996 1738 ᾄσαντες-
1017 1651 1118 1727 αἱνον,
1153 1655 1210 1716 καί
1245 1655 1280 1716 τό
1320 1651 1497 1740 ἀνακλητι-

217 1777 277 1840 κόν
310 1775 534 1853 σαλπίσαντες,
560 1771 674 1860 Ιίθσπερ
709 1773 846 1857 εἴθιστο,
882 1780 939 1840 καί
972 1779 1050 1862 πρὸς
1078 1779 1134 1848 τὰς
1167 1777 1269 1848 πύλας
1305 1773 1402 1850 αότάς
1438 1785 1497 1864 τής

219 1900 356 1988 Πάρμης
384 1904 439 1974 τὰς
469 1900 580 1972 τένθας
607 1902 794 1986 στήσαντες,
826 1897 886 1964 υόκ
915 1898 1138 1987 ἀναχωρήσειν
1173 1897 1235 1965 ἀπὸ
1263 1908 1324 1965 τοί·
1342 1922 1497 1986 παρακα-

218 2028 341 2112 θισμοῶ
376 2027 492 2111 ταίτης
528 2028 625 2111 χωρίς
660 2021 794 2111 ὁρισμοῦ
829 2021 1060 2112 ὁπεσχέθησαν
1085 2023 1162 2112 ἀχρι
1185 2034 1254 2103 τοῦ,
1284 2020 1321 2090 οό
1343 2030 1415 2112 πυρί
1439 2030 1499 2090 καί

222 2151 341 2238 σιδήρῳ
365 2149 527 2222 παντελῶς
544 2147 748 2236 ἀφανίσωσιν,
773 2147 793 2236 ή
818 2151 872 2234 βίη
896 2145 994 2236 αὐτήν
1018 2147 1176 2214 ἑλκόσωσι
1198 2151 1276 2236 πρός
1299 2152 1352 2214 τόν
1376 2145 1496 2238 ήμέτε,

221 2281 285 2362 ρονΙ
300 2269 448 2360 ὁρισμόν,
473 2269 516 2346 ὡς
538 2273 764 2359 αἰχμαλώτους
787 2271 843 2338 καὶ
866 2276 1066 2361 τεθνηκότας
1090 2274 1162 2348 τούς
1186 2275 1301 2361 ταύτης
1326 2273 1500 2361 οἰκήτορας

223 2397 362 2484 ἔχοντες.

312 2519 422 2587 Ταῦτα
461 2522 518 2607 μέν
556 2518 701 2600 ἐγένοντο
741 2517 775 2584 ἀν
813 2531 852 2608 τή
887 2521 927 2608 ιη’
961 2531 1016 2587 τοῦ
1050 2522 1267 2607 παρελθόντος
1307 2517 1499 2600 αόγοόστυυ,

218 2645 392 2712 ὶνόικτιῶνι
426 2642 464 2731 η’.
500 2647 586 2712 κατὰ
620 2645 655 2708 όέ
688 2645 742 2731 τήν
782 2644 927 2732 εἰκοστήν
963 2641 1084 2734 ἡμέραν
1119 2655 1175 2712 τοῦ
1211 2643 1308 2712 αότυί
1344 2649 1443 2736 μηνός
1479 2644 1498 2711 ό

222 2773 335 2843 κόντος
373 2767 546 2856 Γαλτέριος
585 2769 621 2832 δὲ
663 2767 867 2864 Μουνόπολι,
909 2773 1019 2844 πιστός
1058 2775 1114 2834 καί
1152 2769 1267 2846 υἰκείος
1310 2767 1421 2858 ήμῶν,
1461 2767 1499 2845 ὅς

88 2911 100 2954 ·.
222 2893 289 2959 ἐστι
332 2894 457 2981 κεφαλή
501 2903 556 2957 τοῦ
594 2897 758 2982 φοσσάτου
784 2891 889 2985 1ήμιῖιν
929 2893 961 2958 ἐν
1000 2907 1038 2982 τῇ
1076 2893 1216 2982 Μάρκφ,
1260 2898 1496 2980 παρακαθίσας

221 3025 376 3108 ιιάστρον,
411 3023 584 3108 λεγόμενον
618 3019 814 3100 Κίγγουλον,
851 3019 884 3083 ἐν
919 3019 944 3108 ᾦ
978 3019 995 3086 ό
1023 3022 1228 3107 καρδινοίλιυς
1263 3019 1384 3108 Πέτρος
1420 3019 1495 3087 Κυί-

221 3151 337 3221 ποτζος
372 3143 426 3232 ήν,
466 3149 521 3210 καί
555 3147 695 3232 κρούσας
726 3145 874 3231 πόλεμον,
897 3148 931 3210 τὸ
961 3149 1100 3232 κάστρον
1129 3139 1206 3246 αότό
1240 3147 1413 3232 παρέλαβε.
1443 3147 1498 3210 διὰ

224 3274 336 3345 νυκτός
374 3273 410 3336 δὲ
449 3269 466 3336 ό
505 3270 710 3357 καρδινάλιος
730 3303 736 3312 ·
754 3252 847 3356 δίκην
891 3265 1085 3355 βακενόότου
1106 3277 1252 3356 ’πτωχοῦ
1290 3273 1346 3344 τὰς
1384 3282 1498 3358 χεῖρας

223 3393 326 3462 αὐτῶν
355 3393 512 3484 ἐξέφυγεν.
537 3399 593 3459 καί
616 3395 656 3482 δή
681 3391 741 3482 ὅλη
765 3393 784 3481 ἡ
809 3393 945 3480 Μάρκα,
977 3382 1011 3459 τό
1047 3393 1209 3461 Δουκοίτον
1244 3399 1301 3459 καί
1324 3392 1344 3483 ή
1369 3393 1497 3481 Ῥωμα-

224 3519 316 3584 νιόλα
351 3519 394 3593 είς
423 3515 555 3605 ὁρισμόν
591 3529 645 3607 τῆς
681 3519 848 3602 βασιλείας
880 3515 970 3606 ἡμῶν
1000 3517 1213 3608 ἐστράφησαν.
1250 3524 1334 3586 κατὰ
1367 3522 1402 3585 δὲ
1439 3523 1497 3608 τήν

223 3641 344 3732 ἡμέραν
380 3645 511 3731 ταύτην,
542 3640 619 3730 ήοὶ
651 3645 781 3726 [πιστοί]
818 3640 1154 3731 ήμῶνκαρτεροόσιν,
1190 3641 1301 3730 ὥρισεν
1325 3641 1345 3732 ἡ
1370 3643 1498 3731 ίάθριό·

225 3789 281 3857 της
322 3764 413 3854 ήμῶν
448 3771 571 3841 πάντας
610 3765 724 3842 αότοός
764 3766 808 3841 εἰς
848 3765 1026 3856 ἀφανισμόν
1065 3777 1120 3855 τής
1159 3767 1293 3856 Πάρμης
1333 3767 1499 3848 ἀπελθεῖν,

226 3890 307 3958 ὥστε
331 3894 386 3980 τήν
411 3889 577 3980 ἀγέρωχον
601 3887 703 3958 αὐτῶν
727 3889 822 3980 ἀφρόν
846 3896 901 3956 καί
925 3895 960 3957 τό
985 3902 1039 3980 τῆς
1067 3878 1194 3980 γνώμης
1222 3890 1324 3958 αὐτῶν
1353 3892 1500 3969 αὔθαδες

227 4017 273 4092 είς
299 4018 390 4091 τέλος
413 4017 616 4101 καταβαλεῖν.
642 4021 698 4081 καί
721 4019 760 4103 δή
784 4027 844 4090 τῶν
869 4013 1032 4104 ῥηθέντων
1059 4028 1176 4082 πιστῶν
1200 4015 1288 4104 ἡμῶν
1312 4021 1365 4082 τόν
1389 4017 1500 4105 Τάραν

226 4143 486 4228 θιατερασάντων
514 4144 657 4227 ποταμόν
680 4139 737 4206 καί
758 4142 893 4230 πλησίον
918 4152 972 4229 τῆς
995 4140 1131 4230 Πάρμης
1159 4145 1216 4216 τὰς
1245 4147 1366 4230 σκηνάς
1393 4139 1500 4208 αὐτῶν

228 4275 344 4354 στήσαι
379 4267 592 4353 βουλομένων,
629 4265 659 4331 υί
694 4264 834 4340 ἀναιδεῖς
861 4265 918 4331 καί
946 4263 1121 4354 όήιαόχενες
1148 4267 1356 4354 Παρμεσάνυι
1378 4271 1421 4356 τῷ
1444 4279 1502 4357 τής

227 4388 376 4463 ἀπιστίας
403 4395 459 4456 καί
488 4385 702 4478 ὑπερηφανίας
732 4388 834 4456 αότῶν
864 4391 969 4477 ἀνέμῳ
999 4388 1081 4478 ὁρμή
1106 4411 1138 4456 τε
1163 4390 1291 4478 ἀτάκτῳ
1320 4396 1500 4481 φερόμενοι,

228 4515 285 4602 τήν
308 4511 433 4601 ἅμαξαν
458 4511 571 4602 αότήν,
596 4513 634 4602 ήν
656 4513 808 4590 ίταλικῶς
835 4517 1201 4602 καρρότζιυνκαλοίσι,
1232 4516 1423 4603 πανσπρατεά
1444 4527 1502 4604 τῆς

229 4637 366 4726 Πάρμης
397 4640 564 4723 ἀξέβαλον,
596 4645 657 4704 καί
687 4645 773 4706 κατὰ
800 4649 854 4706 τοί
883 4637 1117 4727 εὐτυχεστάτου
1138 4645 1300 4730 φοσσάτου
1323 4639 1412 4729 ήμῶν
1435 4645 1504 4730 θη-

88 4814 92 4822 .
230 4764 353 4853 ριωθῶς
376 4785 409 4828 τε
433 4761 490 4828 καὶ
512 4765 758 4851 κακοδαιμόνως
790 4760 951 4852 ὥρμησαν,
977 4763 1014 4835 οί,
1032 4773 1106 4844 γοῦν
1137 4761 1285 4852 ήμέτερυι
1314 4771 1434 4848 πιστοί,
1467 4765 1502 4831 έν
