3148 5268
223 385 269 450 δθ

218 586 379 642 πυκτῶν
407 580 492 642 κατὰ
527 581 636 664 χῶραν
665 577 873 664 ἐνεργούντων
902 578 941 644 δι’
967 579 1102 666 ’ὁρισμοῦ
1124 577 1301 668 Ιἡμετέρου,
1326 581 1371 654 εἰς
1399 590 1497 646 τοῦτο

219 703 254 764 δὲ
279 705 374 786 μόνον
397 699 557 776 ἕλκεσθαι
589 698 703 776 αὐτοὺς
726 702 770 776 εἰς
794 707 828 770 τό
854 701 915 768 ἀπό
941 706 1067 769 δικαίου
1091 711 1292 791 κουμίρκιον.
1318 706 1372 779 διὰ
1400 715 1499 770 τοῦτο

220 831 281 912 γάρ
307 827 453 913 άπελόθη
478 823 584 900 αὐτοῖς
607 831 663 891 καί
687 825 703 892 ό
726 830 835 914 παρῶν
862 825 1016 916 ἡμέτερος
1045 827 1177 915 ὁρισμός
1214 835 1321 915 μηνί
1356 825 1499 894 ἀκτω-

96 960 104 974 “
219 949 667 1035 βρίιριὶνδικττῶνυς
704 951 753 1014 ια’
785 956 815 1032 †.

307 1071 549 1160 γΜιγαηλ
583 1071 600 1138 ὁ
636 1073 817 1149 Δοόκας
852 1079 881 1152 †.

524 1337 604 1405 XVI.
621 1339 856 1419 (67ό8-1250
870 1357 978 1406 mense
995 1339 1177 1420 februario).

216 1501 380 1579 Ιτκρτναίον
404 1505 568 1561 Ρνίάεπίταε
596 1502 639 1559 H.
663 1516 747 1578 νομαί
766 1503 948 1568 Humilem,
977 1507 1062 1578 Epiri
1084 1508 1244 1578 άωροταοι,
1270 1490 1311 1560 κί’
1326 1507 1498 1561 auxiliariis

216 1634 304 1704 copiis
316 1607 357 1685 ¹'ab
371 1623 483 1685 Ῐοωακα
498 1629 631 1684 Βαταναία
650 1633 681 1684 in
697 1629 819 1684 Italiam
832 1631 976 1685 mittendis
992 1625 1108 1685 ίίότναοι
1126 1633 1281 1723 τνακείραω
1298 1608 1352 1702 ραι·
1367 1631 1497 1702 Epirum

780 1755 924 1812 τοκτεάαί.

217 1906 281 1993 Τῷ
315 1911 457 1992 κυρίῳ
494 1904 697 1994 [Μιχαὴλ
730 1905 930 1992 Ἀγγὲλιρ
968 1905 1190 1993 Κομνηνιρ
1223 1905 1277 1994 τῷ
1311 1909 1494 1991 moini}

306 2064 371 2152 Τήν
396 2064 664 2152 είλικρινεστάτην
689 2063 815 2151 ἀγάπην
840 2087 898 2128 σου
921 2064 974 2128 διὰ
1001 2074 1061 2128 τῶν
1083 2068 1248 2150 παρόντων
1272 2063 1390 2129 είδὲναι
1415 2069 1497 2150 βου-

216 2193 356 2277 λόμεθα,
382 2187 429 2254 ὅτι
454 2189 501 2287 είς,
523 2191 642 2254 πόλεων
667 2199 726 2254 τῶν
752 2187 975 2274 ἀντικειμένων
999 2185 1072 2276 ἡμῖν
1095 2185 1273 2278 ἀφανισμόν
1294 2193 1350 2252 καὶ
1366 2211 1497 2275 συντρι-

217 2316 275 2401 βὴν
300 2311 435 2401 ὁλοτελῆ
471 2305 530 2378 τῶν
556 2313 724 2400 παπαδικη
755 2319 965 2398 κακογνωμίη
997 2294 1236 2398 ἀνθισταμένων
1267 2309 1354 2399 ἡμῖν,
1386 2311 1440 2377 ἵνα
1474 2312 1497 2400 ἡ

215 2438 380 2525 αἰθριότης
408 2435 496 2525 ἡμῶν
526 2447 585 2504 τῶν
609 2439 791 2523 πολεμικῶν
814 2441 916 2501 πόνων
946 2430 1050 2500 άνεσιν
1072 2436 1182 2519 λάβοι,
1207 2439 1264 2500 καί
1287 2439 1323 2500 τό
1349 2433 1497 2524 ὑπήκοον

216 2562 300 2628 ἅπαν
329 2559 426 2650 αὐτῆς
454 2561 485 2626 ἐν
514 2562 624 2650 εἰρήνῃ
653 2563 811 2642 διάγοιτο,
848 2562 967 2648 συχνὴν
995 2573 1086 2647 χεῖρα
1118 2559 1252 2626 ὁπλιτῶν
1282 2567 1498 2650 πανταχόθεν

217 2684 262 2752 οά·
280 2691 376 2773 μόνον
399 2686 437 2752 ἐκ
461 2698 521 2752 τῶν
546 2683 695 2773 ὑπηκόων
719 2684 879 2773 ἐπαρχιῶν
903 2690 959 2752 καί
978 2687 1100 2749 πόλεων
1124 2695 1179 2772 τῆς
1201 2687 1368 2769 βασιλείας
1388 2685 1495 2775 ἡμῶν,

215 2810 299 2878 ἀλλὰ
315 2817 370 2877 καί
388 2811 449 2878 ἀπό
474 2822 535 2877 τῶν
560 2809 753 2890 ἀγαπώντων
776 2814 812 2875 τό
834 2807 990 2897 ἡμέτερον
1011 2807 1113 2896 ὄνομα
1134 2811 1231 2899 φίλων
1253 2815 1312 2876 καί
1328 2824 1496 2893 συγγενῶν

213 2934 253 3001 ἐκ
277 2937 435 3026 διαρόρυν
464 2937 568 3000 ἐθνῶν
592 2939 676 2999 κατὰ
700 2937 735 2999 τό
760 2935 970 3019 ἐλευσόμενον
1000 2937 1160 3019 πρότερον
1186 2933 1244 3020 ίαρ
1277 2937 1495 3022 σοναθροῑσαι

215 3058 448 3148 ηρετισάμτθα·
473 3056 536 3145 οὐχ
560 3056 604 3132 ῶς
627 3069 688 3123 τῶν
711 3055 870 3145 ἡμετέρων
894 3059 1059 3142 δυνάμεων
1084 3057 1117 3123 ἔν
1141 3080 1175 3122 τε
1198 3057 1318 3144 πλήθει
1346 3064 1404 3123 καί
1434 3061 1495 3124 δυ-

213 3188 307 3271 νάμει
330 3191 530 3268 στρατιωτῶν
555 3180 611 3248 καὶ
633 3187 737 3257 πεζῶν
760 3185 839 3266 πρός
861 3181 985 3246 τελείαν
1013 3191 1073 3248 τῶν
1098 3179 1226 3267 ἀχθρῶν
1249 3180 1339 3271 ἡμῶν
1363 3206 1493 3270 συντρι-

215 3313 272 3399 βην
296 3309 410 3397 ἑτέρων
435 3308 628 3396 ἐπικουρίας
643 3311 792 3387 δεουσῶν,
818 3305 883 3372 οὐδ’
908 3305 951 3382 τὸς
973 3319 1036 3372 τῶν
1057 3311 1232 3396 θησαυρῶν
1254 3307 1343 3398 ἡμῶν
1360 3311 1494 3397 μείωσιν

213 3435 351 3531 ἑχόντων
375 3444 430 3498 του
455 3435 497 3520 μὴ
522 3432 673 3522 ἀφθόνως
697 3431 897 3520 ἀποχετεύειν
918 3433 964 3518 ’τῷ
987 3433 1189 3518 στρατοπέδῳ
1217 3430 1376 3520 ἡμῶνττᾰ
1403 3440 1491 3522 χρη·

214 3583 310 3646 στμα,
339 3557 410 3622 ἀλλ’
437 3556 490 3622 ἵνα
519 3561 667 3645 μάθωσιν
691 3556 720 3622 οἱ
744 3556 916 3633 ἀντίθετοι,
942 3557 1082 3644 πηλίκην
1105 3555 1125 3644 ἡ
1150 3559 1299 3641 βασιλεία
1321 3556 1411 3646 ἡμῶν
1436 3565 1493 3623 κά-

212 3706 327 3771 κτηται
350 3685 496 3768 δύναμιν,
522 3679 558 3746 οὐ
583 3687 679 3769 μόνον
703 3681 765 3748 ἀπό
789 3691 845 3746 τοῦ
869 3687 1062 3767 τεταγμένου
1078 3683 1159 3749 λαοῶ
1184 3679 1296 3770 αὐτῆς,
1323 3681 1493 3774 ἀλλόικαί

213 3809 276 3875 ἀπό
288 3819 348 3874 τῶν
361 3807 480 3873 ἄλλοθι
492 3809 708 3882 δεσποζόντων
721 3811 777 3872 καί
789 3807 984 3870 κελευόντων
997 3811 1134 3891 γνησίων
1147 3807 1243 3894 φίλων
1256 3811 1312 3871 καί
1324 3819 1491 3887 συγγενῶν

211 3932 310 4023 ἡμῶν·
334 3931 424 4022 ἡμεῖς
448 3937 510 4020 γὰρ
535 3928 571 3997 σι’)
597 3937 693 4020 μόνον
717 3932 888 3996 διεκδικεῖν
912 3932 947 3995 τό
975 3927 1132 4017 ἡμέτερον
1161 3931 1286 3995 δίκαιον
1314 3929 1490 4020 ἀφιέμεθα,

212 4057 298 4124 ἀλλὰ
313 4063 368 4124 καί
386 4060 450 4142 [τό]
469 4069 528 4123 τῶν
547 4061 785 4138 γειτνιαζόντων
807 4057 903 4145 φίλων
927 4052 1017 4141 ἡμῶν
1041 4057 1097 4118 καί
1121 4053 1302 4141 ἀγαπητῶν,
1328 4054 1383 4128 οὓς
1405 4053 1426 4143 ἡ
1453 4055 1491 4122 ἐν

210 4183 337 4269 Χριστῷ
359 4185 494 4269 καθαρὰ
517 4187 574 4247 καὶ
597 4181 768 4268 εἰλικρινὴς
791 4179 901 4265 ἀγάπη
925 4183 1060 4266 συνῆψεν
1086 4177 1130 4251 τίς
1154 4179 1197 4254 όν,
1221 4183 1277 4242 καὶ
1301 4177 1372 4244 κατ’
1396 4180 1491 4255 &fiai-

212 4327 301 4392 ρετυν
325 4307 397 4380 τοδς
425 4307 596 4393 Γραικοὸς,
633 4315 794 4385 συγγενεῖς
821 4307 878 4368 καί
906 4302 1017 4390 φίλους
1043 4299 1147 4388 ἡμῶν,
1183 4306 1252 4388 περί
1280 4298 1322 4366 ὧν
1346 4301 1363 4368 ὁ
1386 4304 1490 4384 λεγό-

213 4451 307 4516 μενος
323 4428 393 4515 ἀρετ
407 4433 524 4508 πάπας,
549 4426 587 4494 δι’
610 4427 648 4515 ἣν
671 4428 791 4514 ἔχομεν
817 4431 927 4514 σχίσιν
950 4429 1005 4491 καί
1029 4423 1156 4512 ἀγάπην
1180 4423 1246 4511 μετ’
1270 4422 1387 4510 αὐτῶν,
1413 4453 1492 4517 χρι-

213 4557 464 4619 στιανικωτάτων
492 4552 589 4618 ὄντων
617 4557 686 4638 καί,
704 4549 918 4636 εὐσεβέστατα
949 4552 1026 4635 πρός
1057 4551 1112 4636 την
1138 4559 1192 4614 τοῦ
1216 4549 1355 4636 Χριστοῦ
1381 4558 1491 4620 πίστιν

212 4675 429 4762 διακειμίνυν,
454 4679 508 4766 την
533 4676 715 4742 ἀκόλαστον
739 4673 836 4740 αὐτοῦ
860 4677 1008 4754 γλῶσσαν
1034 4672 1161 4759 ἐκίνησε
1185 4671 1264 4738 καθ’
1281 4671 1386 4761 ἡμῶν,
1405 4675 1489 4743 ἀσε-

214 4799 383 4886 βεστάτους
407 4803 479 4888 τούς
504 4798 753 4890 εόσεβεστάτους
777 4798 933 4885 Γραικοὺς
957 4801 1013 4862 καί
1037 4794 1215 4884 αἱρετικοός
1239 4797 1314 4870 τοδς
1340 4795 1488 4885 όρθοδο-
