3132 5268
239 350 304 416 218

238 543 354 608 πωλεῖν
382 539 575 628 ἐλευθέρας,
605 541 718 616 καθείς
753 540 791 608 όν
816 543 1006 626 βούλωνται,
1041 538 1127 628 ὅμως
1151 539 1215 627 όόῷ
1242 545 1432 626 κουρτεσίας
1455 545 1507 604 καί

240 663 368 753 ἀγάπης
392 665 560 752 έκρίναμεν
593 669 744 754 πρόνοιαν
778 668 890 731 τούτου
920 669 1124 754 ποιήσασθαι
1159 673 1269 730 τοῦτον
1296 667 1350 730 τόν
1385 669 1506 750 τρόπον,

238 791 389 877 δηλονότι
424 793 519 876 μέχρι
552 798 609 876 τῆς
642 790 772 876 διωρίας
804 799 865 854 τῶν
891 800 1058 878 παρουσῶν
1093 791 1210 875 τριβιῐιν
1237 785 1255 853 ό
1283 793 1508 876 προειρημένος

239 922 298 1001 κόρ
332 913 408 990 όοόζ
440 919 497 979 καί
525 915 561 978 τό
595 915 783 999 κουμοόνιον
817 914 967 988 Βενττίας
1001 915 1163 992 τάξουσιν,
1199 911 1248 978 ότι
1282 913 1312 978 οί
1346 913 1508 980 Βενέτικοι

239 1033 342 1103 αὐτῶν
369 1035 493 1113 ίζουσιν
521 1034 553 1101 έν
581 1049 620 1125 τῇ
647 1037 979 1103 Κωνσταντινουτόλει
1013 1038 1186 1102 δεκαπέντε
1211 1041 1306 1124 μόνον
1338 1039 1506 1124 καπηλεία,

237 1163 294 1226 καί
320 1164 359 1226 τά
387 1159 473 1226 ἄλλα
500 1163 604 1227 πάντα
630 1163 867 1248 παυθησονται,
893 1158 927 1226 έν
955 1159 1002 1236 οίς
1030 1161 1132 1248 όηπου
1167 1165 1374 1247 τεταγμένοις
1401 1182 1507 1248 καπη-

238 1285 337 1358 λείοις
360 1282 390 1349 οί
411 1283 575 1350 Βενέτικοι
599 1280 701 1350 αότῶν
729 1286 919 1372 δυνήσονται
940 1285 1054 1350 πωλεῖν
1079 1283 1163 1349 οἶνον
1190 1295 1339 1350 παντοῖον
1362 1305 1508 1350 κατακο-

237 1417 355 1481 πτικός
383 1405 416 1472 έν
444 1407 615 1494 οίαόητοτε
642 1410 796 1496 ποσότητι
824 1412 922 1495 χωρίς
954 1428 1036 1481 τινος
1072 1409 1204 1493 βάρους,
1239 1413 1427 1493 νοουμένου,
1463 1405 1509 1472 ότι

237 1532 293 1596 διὰ
316 1532 371 1619 την
395 1534 636 1616 συγκατάβασιν
664 1533 780 1620 ταύτην
809 1527 845 1596 οό
870 1533 1069 1619 νοηθησεται
1096 1531 1151 1596 διὰ
1178 1539 1270 1595 τοῦτο
1295 1529 1510 1596 έλαττσόσθσι

238 1650 271 1718 ἐν
295 1653 338 1741 τῷ
360 1655 508 1741 μέλλοντι
531 1657 637 1743 χρόνῳ
660 1659 718 1730 τὰς
742 1653 929 1740 έλευθερίας
951 1653 1008 1720 καί
1031 1659 1225 1743 ιρραγγισίσς
1248 1663 1309 1718 τιῑιν
1324 1653 1509 1732 Βενετίκων,

237 1779 351 1851 καθείς
375 1775 443 1843 έστι
465 1779 602 1842 δίκαιον.
627 1777 675 1842 ἔτι
699 1781 797 1864 μέσον
818 1773 907 1864 ἡμῶν
930 1799 964 1842 τε
987 1781 1045 1842 καί
1068 1785 1124 1864 τῆς
1153 1777 1319 1861 βασιλείας
1340 1773 1432 1864 ἡμῶν
1455 1781 1510 1842 καί

237 1911 292 1966 τοῦ
320 1901 487 1990 είρημένου
516 1903 693 1989 μπαῑοόλοο
722 1905 835 1983 γέγονε
865 1906 965 1990 σαφές
992 1898 1069 1990 ὑπέρ
1096 1911 1152 1967 τοό
1179 1913 1286 1968 πάσαν
1314 1901 1509 1990 ἀμφιβολίαν

238 2025 463 2116 ἀναιρεθῆναι,
498 2030 659 2094 δόνασθαι
693 2030 766 2102 τοός
793 2028 979 2102 Βενετίκυυς
1005 2030 1121 2094 πωλείν
1155 2027 1333 2115 ἐλευθέρως
1361 2042 1447 2094 σῖτον
1477 2027 1509 2092 ἐν

234 2159 327 2219 παντί
352 2157 441 2239 μόραι
463 2159 521 2219 καί
542 2158 627 2240 τόπῳ
655 2165 711 2242 της
736 2155 904 2239 βασιλείας
927 2151 1030 2242 ἡμων,
1066 2151 1145 2220 όπου
1180 2152 1241 2220 οόκ
1269 2155 1337 2220 έστι
1364 2159 1509 2244 προσρό·

236 2297 318 2364 ριον,
342 2281 524 2363 σωζομένου
547 2287 603 2343 του
627 2279 670 2365 μη
699 2281 753 2343 τόν
777 2289 861 2344 σίτον
896 2276 1016 2343 έκεῖνον
1045 2282 1272 2366 γεωργηθῆναι
1299 2277 1331 2344 όν
1361 2290 1401 2366 τη
1428 2277 1511 2366 ἡμε-

235 2403 312 2486 τέρα
336 2401 498 2485 βασιλεία,
528 2397 606 2488 ὅπερ
629 2403 803 2490 όιαμενέτω
826 2405 912 2468 κατὰ
935 2403 988 2466 τόν
1011 2404 1106 2468 τόπον
1130 2413 1190 2471 τῶν
1213 2405 1341 2489 τρτβῶν.
1367 2401 1455 2468 τίδὲ
1480 2400 1510 2466 οί

234 2522 400 2590 Βενέτικυι
427 2524 561 2590 θέλουσι
583 2525 697 2590 πωλεῖν
721 2523 754 2591 έν
777 2524 821 2613 τῷ
843 2529 927 2612 τόπῳ
951 2533 1006 2590 τοῦ
1028 2532 1238 2614 προσρυρίου,
1268 2527 1418 2592 δύνανται
1438 2547 1509 2590 πω-

235 2647 300 2712 λεῖν
329 2645 534 2720 ἀποδιδόντες
561 2652 596 2714 τό
625 2654 836 2737 κυμμέρκιον,
864 2649 946 2736 πλην
969 2649 1000 2714 εί
1019 2671 1066 2723 τις
1093 2647 1249 2736 Ῥωμαίος
1277 2648 1414 2737 θελήσει
1439 2669 1509 2714 ποι-

235 2772 300 2836 λείν
324 2783 419 2850 σῖτον,
444 2769 523 2837 ὅπου
545 2769 563 2838 ό
586 2771 756 2848 Βενέτικυς
784 2773 880 2838 πωλεί
908 2772 968 2847 ἔξω
994 2778 1204 2860 προσφορίου,
1240 2777 1310 2838 τότε
1338 2770 1357 2839 ό
1380 2773 1510 2840 Βτνέτι-

233 2915 293 2968 νιος
318 2899 515 2982 κομμέρκιον
543 2892 603 2962 οόκ
632 2895 814 2986 ἀπορλησει
840 2897 895 2960 διὰ
921 2899 957 2961 τό
986 2897 1354 2982 έλευθέρως·δόνασθαι
1382 2897 1510 2962 πωλεῖν.

233 3021 290 3083 καί
318 3017 385 3084 ἰπεί
412 3017 557 3099 έγένοντό
586 3041 666 3094 τινες
693 3021 848 3108 διαφοραί
877 3024 974 3106 μέσον
1001 3016 1089 3106 ἡμῶν
1118 3043 1151 3084 τε
1175 3023 1232 3085 καί
1255 3030 1313 3107 της
1341 3001 1510 3103 βασιλείας

232 3139 323 3231 ἡμῶν
356 3147 412 3208 καί
440 3152 496 3209 τοῦ
523 3153 621 3230 κοροό
649 3146 767 3218 δουκός
796 3147 853 3208 καί
886 3151 942 3208 τοῦ
970 3149 1161 3230 κυομοονίου
1184 3141 1335 3218 Βενετίας
1358 3147 1429 3229 περί
1453 3152 1511 3208 τοῦ

232 3270 330 3332 τόπου
354 3275 408 3330 τυό
431 3273 638 3356 προσρυρίου,
667 3265 744 3354 όπέρ
768 3272 915 3354 μείζονος
938 3273 1114 3355 σαφηνείας
1137 3271 1306 3354 τάττομεν,
1336 3264 1386 3333 ότι
1409 3265 1426 3332 ό
1452 3273 1509 3332 τό-

232 3411 292 3463 πος
315 3397 369 3454 τοῦ
392 3395 588 3478 προσρυρίου
611 3400 668 3478 της
689 3391 1052 3464 Κωνσταντινυυπόλεως
1076 3390 1158 3456 έστω
1183 3395 1239 3456 καί
1262 3391 1343 3457 εἶναι
1366 3396 1510 3460 νοείσθω

232 3516 319 3580 κατὰ
345 3516 384 3578 τὰ
414 3510 487 3600 ὅρια
513 3517 553 3580 τά
581 3512 727 3603 ἀρχῆθεν
763 3513 913 3579 εἰωθότα.
943 3513 989 3578 ἔτι
1017 3511 1034 3579 ό
1063 3509 1178 3602 ῥηθείς
1211 3517 1388 3600 μπαῑοόλυς
1423 3516 1510 3582 εἶπεν

231 3632 320 3723 ἡμῖν,
355 3632 404 3701 ότι
438 3640 519 3711 τινές
545 3637 710 3704 Βενέτικοι
737 3639 794 3702 καί
828 3635 871 3712 ός
901 3635 1064 3703 Βινέτικοι
1097 3639 1387 3725 καταλογιζόμενοι
1421 3645 1511 3728 παρὰ

231 3765 289 3846 τῆς
316 3755 472 3846 ἡμετέρας
507 3761 674 3844 βασιλείας
702 3759 847 3841 ίγένοντο
880 3757 1045 3847 Ῥωμαῖοι,
1080 3759 1272 3848 ἀρκούμεθα
1304 3759 1397 3850 ἡμεῖς
1426 3761 1445 3829 ὅ
1474 3787 1509 3830 τε

231 3883 381 3969 βασιλεὺς
409 3882 466 3948 καί
491 3880 512 3972 ἡ
541 3885 691 3968 βασιλεία
718 3880 807 3972 ἡμῶν
837 3882 1108 3950 ἀνακαλέσασθαι
1134 3888 1255 3960 πάντας
1278 3887 1352 3961 τοός
1374 3887 1509 3954 Βενετί·

230 4031 308 4084 κους
330 4013 387 4074 καί
410 4011 483 4084 τοός
506 4007 549 4086 ίος
572 4008 758 4084 Βενετίκους
785 4009 1097 4096 καταλογιζομένους
1124 4011 1196 4084 πυός
1227 4015 1403 4092 γεγονότας
1425 4011 1509 4080 Ῥω-

230 4137 344 4220 μαίους
368 4131 515 4209 ἐναντίως
542 4142 598 4199 τοό
621 4135 718 4198 τόπου
741 4143 801 4198 τῶν
825 4134 942 4219 τρεβῶν
967 4131 1029 4199 ἀπό
1053 4142 1108 4198 τοῦ
1131 4143 1245 4221 καιροῦ
1268 4145 1328 4200 τῶν
1358 4133 1510 4223 ἐσχάτων

228 4261 345 4346 τρεβων
382 4269 443 4324 τῶν
477 4262 655 4344 γενομένων
694 4255 727 4322 έν
762 4267 800 4344 τη
835 4255 1165 4323 Κωνσταντινοοτόλει
1204 4263 1302 4346 μέχρι
1339 4271 1403 4326 τῶν
1441 4271 1508 4341 νῦν,

227 4379 310 4451 οότω
339 4388 396 4448 καί
422 4385 684 4468 τοιουτοτρόπως,
712 4379 760 4447 ὅτι
791 4380 821 4446 οἱ
847 4379 1009 4448 Βενέτικοι
1033 4379 1063 4446 οί
1087 4387 1252 4462 γεγονότες
1279 4383 1433 4472 Ῥωμαῖοι
1463 4387 1510 4461 εἰς

227 4511 262 4573 τό
287 4506 360 4594 έζῆς
395 4501 432 4570 υό
466 4507 778 4592 διαβιβασθησονται
806 4501 848 4578 όις
876 4502 1041 4592 Ῥωμαῖοι,
1077 4503 1148 4571 ἀλλ’
1182 4505 1226 4581 όις
1253 4507 1428 4574 Βενέτικοι.
1460 4511 1511 4575 ἔτι

228 4631 279 4696 έπί
307 4639 363 4717 τῆς
397 4631 539 4714 πράξεως
566 4639 626 4694 τῶν
662 4629 854 4716 έζωτερικῶν
888 4633 1028 4714 κρασίιυν
1063 4625 1153 4716 ἡμεῖς
1180 4627 1197 4696 ό
1224 4631 1376 4714 βασιλεὺς
1404 4632 1510 4721 καὶὴ

215 4753 376 4836 βασιλεία
399 4749 488 4840 ἡμῶν
513 4749 756 4839 ὑπισχνούμεθα
778 4753 834 4815 καί
866 4748 993 4836 ἀρέσκει
1017 4747 1089 4838 ἡμῖν
1114 4757 1267 4833 γενέσθαι
1296 4759 1352 4820 καὶ
1382 4757 1510 4870 ρολρίτι
