3164 5264
1299 319 1362 384 311

90 514 149 576 καί
176 519 232 600 της
260 509 524 604 ἐκλαμπροτάτης
553 509 725 591 αόδεντίας
752 525 808 604 τῆς
827 517 994 596 Βενιείας,
1019 515 1150 604 ἐποίησε
1173 516 1209 580 δί
1239 512 1256 580 ό
1285 513 1371 600 εἰρη-

93 639 190 724 μόνος
211 633 454 722 ιἰποκρισιάριος
475 635 519 712 ὥς
542 637 630 714 άζιος
645 643 703 708 καί
724 644 961 730 φρονιμώτατος
984 641 1130 727 πρίσβυς,
1154 643 1211 704 καί
1234 636 1371 726 σίνίφερε

93 760 206 832 καλῶς
234 761 310 846 πρός
339 761 395 846 την
423 761 589 844 βασιλείαν
617 785 693 850 μου,
721 761 801 850 ἅπερ
831 761 992 852 ἁνίδηκεν
1020 759 1104 850 αὐτῷ
1136 759 1367 851 ἡέκλαμπρο-

94 885 178 969 τάτη
208 878 362 948 αδδεντία
389 892 446 970 τῆς
473 883 638 967 Βινετίας,
673 890 731 952 καί
757 883 777 974 ἡ
806 887 955 972 βασιλεία
983 907 1043 974 μου
1066 884 1242 962 ἁπεδίζατο
1272 880 1368 950 αὐτόν

91 1005 232 1092 κοίτην
256 1000 352 1072 αότοό
379 1007 559 1092 πρεσβείαν,
583 1011 640 1076 καί
661 1013 767 1076 πάντα
790 1013 830 1076 τὰ
860 1008 1088 1098 ἀνατεδημίνα
1111 1005 1198 1094 αὐτῷ
1217 1006 1371 1074 ἐνωτισα-

94 1133 176 1216 μόνη
205 1124 372 1218 εδφράνδη
400 1125 502 1217 ἡδίως
531 1127 578 1196 ἐπ’
603 1127 727 1212 αότοίς,
756 1133 812 1199 διὰ
839 1141 931 1198 τοῦτο
962 1131 1020 1198 καὶ
1044 1129 1225 1220 εόχαριστιί
1247 1143 1286 1220 τη
1310 1127 1371 1196 αό-

92 1253 208 1336 θεντίφ
231 1260 287 1338 τῆς
309 1251 460 1328 Βενετίας
482 1251 591 1318 λνεκεν
615 1263 671 1344 τῆς
699 1255 806 1344 φιλίας
833 1266 889 1344 τῆς
919 1259 1073 1344 καθαράς
1103 1252 1200 1344 αὐτῆς
1227 1263 1284 1342 τῆς
1312 1276 1371 1342 μν-

92 1375 170 1451 ταζδ
193 1371 293 1462 ἡμῶν·
318 1373 400 1442 οὕτω
423 1381 484 1464 γὰρ
501 1376 669 1464 ἐλπίζομεν
692 1379 885 1466 διατεθῆναι
908 1377 1006 1466 αὐτην
1028 1381 1107 1466 πρὸς
1130 1381 1187 1468 τήν
1210 1376 1289 1466 δμήν
1314 1379 1373 1462 βα-

92 1499 233 1577 σιλείαν,
261 1495 367 1586 ὥσπερ
396 1505 452 1566 καί
479 1498 621 1580 όγίνετο,
645 1502 700 1568 διὰ
727 1510 834 1582 τοῦτο,
864 1500 907 1578 ὡς
935 1501 1072 1590 εἴρηται,
1099 1500 1158 1568 καί
1191 1499 1294 1590 ἠδίος
1322 1497 1372 1565 εδ·

93 1624 298 1709 φράνδημιν·
327 1621 435 1710 ἐπειδὴ
460 1624 496 1690 δί
521 1627 603 1710 μετὰ
626 1627 662 1690 τό
685 1621 870 1714 ἐκδημῆσαι
893 1629 946 1696 τόν
971 1629 1153 1713 μακαρίτην
1174 1628 1227 1692 τόν
1249 1628 1373 1712 πατίρα

95 1767 159 1830 μου
189 1741 301 1820 όδεός
329 1743 386 1832 ἐμὲ
415 1745 465 1814 δπί
493 1749 546 1814 τόν
575 1751 671 1816 τόπον
694 1744 792 1814 αδτοό
815 1753 873 1816 καί
894 1749 952 1836 την
975 1749 1141 1834 βασιλείαν
1164 1753 1373 1836 πατίστησιν,

93 1863 180 1934 οὕτω
210 1867 283 1954 λμοί
310 1869 401 1945 ἔδοξε
429 1873 562 1955 πρόπον,
589 1869 642 1936 ἵνα
670 1872 726 1959 τὴν
754 1871 870 1958 μεταζδ
899 1867 988 1959 ἡμων
1016 1871 1157 1940 παλαιὰν
1184 1871 1307 1960 φιλίαν,
1335 1869 1374 1957 ἣν

92 1991 298 2078 ἐδεξάμεθα,
328 1997 408 2080 μετὰ
436 2002 492 2080 τῆς
521 1991 627 2082 ᾀρχής
652 1999 711 2060 καί
733 1992 824 2082 ἡμεῖς
847 1994 1111 2070 ἀνακαινίσαντες
1133 1992 1373 2080 όπιβιβαιωσά-

89 2119 199 2202 μεδα,
228 2115 424 2195 ἐλπίζοντες,
449 2113 499 2182 ὅτι
527 2121 686 2206 συμφόρον
710 2114 746 2184 οδ
770 2121 866 2204 μόνον
892 2114 965 2206 ἡμῖν
990 2117 1095 2198 δοται,
1120 2115 1205 2184 άλλδ
1227 2115 1285 2184 καὶ
1308 2129 1373 2190 τοις

89 2239 280 2328 ἀμφστόρων
313 2243 422 2316 τόποις
450 2263 484 2306 τε
511 2244 568 2306 καί
595 2237 761 2329 ὑπηκόοις·
787 2237 866 2308 όδτν
888 2242 994 2310 πολλὰ
1018 2246 1091 2328 περί
1111 2243 1224 2310 τούτου
1259 2241 1371 2308 διαλε-

88 2367 237 2449 χδίντειν
257 2359 361 2450 ἡμῶν,
384 2360 404 2452 ἡ
430 2365 585 2448 βασιλεία
609 2385 672 2451 μου
692 2367 894 2452 παρατίθησι
920 2369 962 2431 τὰ
988 2365 1046 2430 δύο
1074 2373 1175 2433 ταῦτα
1196 2364 1371 2451 κεφάλαια,

88 2489 124 2552 ἒν
148 2489 222 2572 μίν,
250 2481 299 2552 ὅτι
321 2489 378 2560 τὰς
400 2489 599 2574 πεντήκοντα
625 2487 777 2573 χιλιάδας
799 2492 840 2554 τὰ
863 2457 1013 2575 φλουρία,
1042 2488 1063 2554 ἃ
1087 2485 1371 2576 ίναπηλιίφδησσν

90 2616 191 2698 χρίος
227 2607 289 2678 ἀπό
324 2621 386 2678 τῶν
416 2621 534 2698 καιρόν
559 2619 614 2676 τοό
649 2617 828 2698 μακαρίτου
860 2613 1018 2696 βασιλέως
1053 2621 1108 2681 τοῦ
1141 2617 1264 2700 πατρός
1299 2635 1369 2698 μου,

89 2739 178 2800 κατὰ
204 2737 257 2800 τόν
279 2737 421 2821 παρόντα
444 2737 570 2820 καιρὸν,
599 2739 736 2822 χάραμα
766 2741 1004 2826 μεμετρημένον
1032 2737 1257 2824 τετελεσμένον
1286 2735 1370 2804 ἀπυ-

90 2857 274 2932 στείλαντες
298 2855 341 2944 τῷ
362 2859 473 2943 κράτει
497 2865 552 2944 τῆς
576 2858 741 2942 βασιλείας
765 2879 841 2944 μου,
865 2862 959 2946 χάριν
982 2867 1039 2946 τῆς
1061 2856 1151 2946 ἡμῶν
1175 2859 1281 2948 φιλίας
1305 2881 1372 2946 χοι-

90 2985 225 3066 ρίζσμαι
248 2983 289 3044 τὰ
311 2979 463 3068 ρλουρία,
492 2985 549 3054 τὰς
577 2977 656 3046 καθ’
680 2979 818 3048 ἕκαστον
847 2985 964 3068 χρόνον
987 2987 1185 3068 τετοημίνας
1207 2981 1253 3058 εὶς
1276 2986 1372 3050 τόπον

89 3105 201 3190 δώρων
224 3103 306 3168 δίκα
322 3103 488 3190 χιλιάδας·
514 3101 595 3168 ἄλλο
619 3104 671 3182 δδ,
696 3100 746 3170 ὅτι
769 3102 807 3170 λκ
830 3115 891 3168 των
912 3105 994 3168 δέκα
1018 3105 1173 3190 χιλιάδων
1196 3116 1258 3170 των
1274 3107 1373 3194 φλου-

89 3233 167 3312 ρίων
192 3237 253 3292 τῶν
276 3231 478 3312 τεταχμίνων
502 3223 565 3292 ἀπὸ
589 3235 646 3314 της
661 3224 927 3314 ἐκλαμπρυτάτης
951 3222 1123 3302 αόδεντίας
1145 3237 1203 3316 τῆς
1222 3228 1372 3303 Βενετίας

88 3353 170 3436 πρὸς
187 3351 244 3436 τὴν
268 3350 437 3434 βασιλείαν
458 3372 519 3436 μου
542 3350 666 3416 διδόναι
688 3347 767 3416 καθ’
790 3348 929 3418 ἕκαστον
945 3353 1070 3438 χρόνον,
1095 3350 1129 3417 αἱ
1151 3356 1244 3421 πόντε
1263 3353 1372 3440 χιλιά-

88 3477 145 3548 δες
169 3471 345 3561 ἐρχόμεναι
362 3471 442 3540 καθ’
458 3471 598 3542 ἕκαστον
621 3477 736 3561 χρόνον
756 3477 835 3560 πρός
859 3476 914 3561 τὴν
939 3476 1106 3560 βασιλείαν
1128 3497 1188 3564 μου
1212 3475 1256 3550 είς
1275 3480 1371 3543 τόπον

89 3599 212 3684 δώρων,
233 3599 290 3670 τὰς
310 3595 413 3670 ἄλλας
432 3600 525 3662 πίντι
550 3599 632 3682 μετὰ
655 3607 716 3662 των
739 3601 938 3684 πεντήκοντα
961 3599 1119 3684 χιλιάδων
1143 3609 1203 3666 τόν
1227 3601 1371 3688 φλωρίων

91 3720 221 3810 ἀφίημι.
250 3728 350 3786 ταῦτα
378 3719 439 3786 τίσί
461 3723 502 3784 τὰ
525 3720 582 3786 δόο
605 3721 779 3810 κεφάλαια·
804 3717 910 3790 δποίον
939 3729 1015 3802 γοῦν
1038 3721 1077 3791 λοι
1100 3734 1160 3788 των
1185 3723 1241 3788 δύο
1264 3720 1285 3811 ἡ
1309 3719 1370 3788 αι’)-

90 3847 207 3910 θεντία
230 3851 285 3930 της
308 3841 459 3916 Βενετίας
483 3843 633 3925 βυόλεται
656 3847 813 3928 στίργειν,
836 3844 1017 3932 δηλωδητω
1040 3841 1113 3932 ἡμίν
1136 3847 1191 3910 διὰ
1214 3849 1368 3932 γραμμά-

91 3987 152 4032 των
182 3960 294 4052 αότῆς,
321 3963 376 4032 ἵνα
402 3961 422 4052 ἡ
453 3963 562 4054 ἀγάπη
591 3961 611 4054 ἡ
636 3963 668 4031 όν
692 3965 737 4052 τιηῖ
758 3967 862 4054 καιρῷ
887 3977 943 4034 τοῦ
968 3973 1146 4054 μακαρίτου
1170 3978 1225 4034 τοῦ
1248 3971 1368 4054 πατρός

91 4111 154 4176 μου
182 4093 338 4176 χενομίνη
372 4092 458 4156 κατὰ
492 4091 546 4156 τόν
573 4093 714 4176 παρόντα
748 4093 861 4177 καιρόν
893 4101 949 4180 τῆς
975 4092 1143 4176 βασιλείας
1168 4113 1229 4178 μου
1253 4093 1371 4176 βεβαία

91 4217 149 4278 καί
180 4209 418 4300 ἀμετάτρεπτος
442 4216 588 4300 γίνηται,
611 4216 669 4278 καί
700 4216 816 4288 πάντες
851 4211 1017 4300 ἄνθρωποι
1045 4219 1102 4280 καί
1131 4219 1371 4302 πραγματευταί

94 4347 153 4424 τῆς
190 4331 363 4411 αδδεντίας
391 4345 447 4424 τῆς
474 4335 623 4414 Βενετίας
652 4334 698 4412 τίς
725 4337 799 4410 τυδς
824 4333 997 4425 ἡμετέρους
1028 4341 1287 4428 δεοφρουρήτομς
1315 4343 1370 4406 τό·

90 4483 170 4536 τους
207 4458 376 4548 ἐρχόμενοι
411 4463 467 4526 καί
501 4457 717 4546 ἀπερχόμενοι
750 4470 865 4528 ποιωσι
896 4464 954 4536 τὰς
982 4462 1112 4538 δουλίας
1147 4458 1249 4530 αὐτων
1289 4468 1372 4550 μετὰ

90 4591 198 4674 πάσης
228 4584 355 4664 ἀδείας,
385 4586 522 4672 μηδενός
550 4581 640 4658 ὄντος
668 4592 723 4650 τοῦ
752 4581 988 4671 ἐμποδίζοντος.
1019 4586 1106 4654 εἰδὲ
1131 4584 1223 4654 οὐδὲν
1248 4587 1370 4669 ἐκτῶν

91 4710 149 4773 δύο
187 4711 303 4776 τούτων
339 4709 521 4798 κεφαλαίων
556 4703 576 4796 ἡ
606 4705 763 4811 αὐδενιτία
789 4718 845 4796 της
879 4709 1030 4810 Βενετίας
1066 4715 1203 4798 στίρχει,
1239 4709 1315 4798 ὅπερ
1337 4711 1371 4777 τί
