<?xml version="1.0" encoding="UTF-8"?>
<!DOCTYPE html PUBLIC "-//W3C//DTD XHTML 1.0 Transitional//EN"
    "http://www.w3.org/TR/xhtml1/DTD/xhtml1-transitional.dtd">
<html xmlns="http://www.w3.org/1999/xhtml" xml:lang="en" lang="en">
 <head>
  <title>
</title>
<meta http-equiv="Content-Type" content="text/html;charset=utf-8" />
  <meta name='ocr-system' content='tesseract 3.04.00' />
  <meta name='ocr-capabilities' content='ocr_page ocr_carea ocr_par ocr_line ocrx_word'/>
</head>
<body>
  <div class='ocr_page' id='page_1' title='image "./actaetdiplomata03miklgoog_0074.png"; bbox 0 0 3182 5264; ppageno 0'>
   <div class='ocr_carea' id='block_1_1' title="bbox 1314 353 1356 418">
    <p class='ocr_par' dir='ltr' id='par_1_1' title="bbox 1314 353 1356 418">
     <span class='ocr_line' id='line_1_1' title="bbox 1314 353 1356 418; baseline -0.024 0"><span class='ocrx_word' id='word_1_1' title='bbox 1314 353 1356 418; x_wconf 74' lang='lat'><strong>45</strong></span> 
     </span>
    </p>
   </div>
   <div class='ocr_carea' id='block_1_2' title="bbox 92 543 1357 1144">
    <p class='ocr_par' dir='ltr' id='par_1_2' title="bbox 92 543 1357 1144">
     <span class='ocr_line' id='line_1_2' title="bbox 97 543 1357 636; baseline 0 -26"><span class='ocrx_word' id='word_1_2' title='bbox 97 543 289 612; x_wconf 74' lang='grc' dir='ltr'><strong>ἀναλλοίωτα</strong></span> <span class='ocrx_word' id='word_1_3' title='bbox 318 546 363 622; x_wconf 89' lang='grc' dir='ltr'><strong>εἰς</strong></span> <span class='ocrx_word' id='word_1_4' title='bbox 391 549 443 614; x_wconf 87' lang='grc' dir='ltr'><strong>τόν</strong></span> <span class='ocrx_word' id='word_1_5' title='bbox 472 547 573 614; x_wconf 80' lang='grc' dir='ltr'><strong>εἰύνα</strong></span> <span class='ocrx_word' id='word_1_6' title='bbox 596 549 649 614; x_wconf 84' lang='grc' dir='ltr'><strong>τόν</strong></span> <span class='ocrx_word' id='word_1_7' title='bbox 673 545 797 614; x_wconf 83' lang='grc' dir='ltr'><strong>ἅπαντα</strong></span> <span class='ocrx_word' id='word_1_8' title='bbox 820 551 906 636; x_wconf 80' lang='grc' dir='ltr'><strong>παρὰ</strong></span> <span class='ocrx_word' id='word_1_9' title='bbox 928 549 1047 619; x_wconf 87' lang='grc' dir='ltr'><strong>παντὸς</strong></span> <span class='ocrx_word' id='word_1_10' title='bbox 1070 555 1125 612; x_wconf 87' lang='grc' dir='ltr'><strong>τού</strong></span> <span class='ocrx_word' id='word_1_11' title='bbox 1147 547 1357 634; x_wconf 78' lang='grc' dir='ltr'><strong>πληρώματος</strong></span> 
     </span>
     <span class='ocr_line' id='line_1_3' title="bbox 94 668 1357 760; baseline -0.003 -24"><span class='ocrx_word' id='word_1_12' title='bbox 94 679 143 736; x_wconf 87' lang='grc' dir='ltr'><strong>τού</strong></span> <span class='ocrx_word' id='word_1_13' title='bbox 175 675 319 758; x_wconf 88' lang='grc' dir='ltr'><strong>καίστρου</strong></span> <span class='ocrx_word' id='word_1_14' title='bbox 352 677 409 738; x_wconf 93' lang='grc' dir='ltr'><strong>καί</strong></span> <span class='ocrx_word' id='word_1_15' title='bbox 443 681 499 758; x_wconf 87' lang='grc' dir='ltr'><strong>τῆς</strong></span> <span class='ocrx_word' id='word_1_16' title='bbox 522 676 630 760; x_wconf 78' lang='grc' dir='ltr'><strong>χώρας</strong></span> <span class='ocrx_word' id='word_1_17' title='bbox 661 671 814 750; x_wconf 87' lang='grc' dir='ltr'><strong>Γενούας,</strong></span> <span class='ocrx_word' id='word_1_18' title='bbox 849 674 963 745; x_wconf 81' lang='grc' dir='ltr'><strong>καθύς</strong></span> <span class='ocrx_word' id='word_1_19' title='bbox 993 669 1140 759; x_wconf 88' lang='grc' dir='ltr'><strong>ἀρχῆθεν</strong></span> <span class='ocrx_word' id='word_1_20' title='bbox 1169 668 1357 757; x_wconf 80' lang='grc' dir='ltr'><strong>ύμόθησαν,</strong></span> 
     </span>
     <span class='ocr_line' id='line_1_4' title="bbox 94 792 1357 886; baseline 0 -27"><span class='ocrx_word' id='word_1_21' title='bbox 94 800 144 860; x_wconf 84' lang='grc' dir='ltr'><strong>ταί</strong></span> <span class='ocrx_word' id='word_1_22' title='bbox 168 792 260 861; x_wconf 79' lang='grc' dir='ltr'><strong>ούόόν</strong></span> <span class='ocrx_word' id='word_1_23' title='bbox 282 800 443 884; x_wconf 90' lang='grc' dir='ltr'><strong>πρόκριμα</strong></span> <span class='ocrx_word' id='word_1_24' title='bbox 474 799 518 884; x_wconf 77' lang='grc' dir='ltr'><strong>τῷ</strong></span> <span class='ocrx_word' id='word_1_25' title='bbox 545 801 676 886; x_wconf 84' lang='grc' dir='ltr'><strong>κάστριρ</strong></span> <span class='ocrx_word' id='word_1_26' title='bbox 706 802 764 864; x_wconf 93' lang='grc' dir='ltr'><strong>καί</strong></span> <span class='ocrx_word' id='word_1_27' title='bbox 794 809 833 886; x_wconf 80' lang='grc' dir='ltr'><strong>ιή</strong></span> <span class='ocrx_word' id='word_1_28' title='bbox 856 801 947 885; x_wconf 75' lang='grc' dir='ltr'><strong>χώρα</strong></span> <span class='ocrx_word' id='word_1_29' title='bbox 973 795 1061 886; x_wconf 83' lang='grc' dir='ltr'><strong>ήμιῖιν</strong></span> <span class='ocrx_word' id='word_1_30' title='bbox 1092 797 1169 882; x_wconf 85' lang='grc' dir='ltr'><strong>πρὸς</strong></span> <span class='ocrx_word' id='word_1_31' title='bbox 1197 793 1357 882; x_wconf 79' lang='grc' dir='ltr'><strong>ἀναίρεσιν</strong></span> 
     </span>
     <span class='ocr_line' id='line_1_5' title="bbox 93 918 1357 1010; baseline 0 -26"><span class='ocrx_word' id='word_1_32' title='bbox 93 931 146 984; x_wconf 79' lang='grc' dir='ltr'><strong>των</strong></span> <span class='ocrx_word' id='word_1_33' title='bbox 181 923 472 1010; x_wconf 82' lang='grc' dir='ltr'><strong>σομρωνηθίντειν,</strong></span> <span class='ocrx_word' id='word_1_34' title='bbox 508 919 551 995; x_wconf 84' lang='grc' dir='ltr'><strong>ύς</strong></span> <span class='ocrx_word' id='word_1_35' title='bbox 582 921 717 1010; x_wconf 82' lang='grc' dir='ltr'><strong>εἴρηται,</strong></span> <span class='ocrx_word' id='word_1_36' title='bbox 749 920 787 988; x_wconf 82' lang='grc' dir='ltr'><strong>ἰκ</strong></span> <span class='ocrx_word' id='word_1_37' title='bbox 817 931 874 1010; x_wconf 87' lang='grc' dir='ltr'><strong>τῆς</strong></span> <span class='ocrx_word' id='word_1_38' title='bbox 901 931 961 988; x_wconf 73' lang='grc' dir='ltr'><strong>τόν</strong></span> <span class='ocrx_word' id='word_1_39' title='bbox 983 919 1156 989; x_wconf 83' lang='grc' dir='ltr'><strong>Γενυυῖτων</strong></span> <span class='ocrx_word' id='word_1_40' title='bbox 1179 929 1239 985; x_wconf 83' lang='grc' dir='ltr'><strong>τύν</strong></span> <span class='ocrx_word' id='word_1_41' title='bbox 1263 918 1296 984; x_wconf 82' lang='grc' dir='ltr'><strong>έν</strong></span> <span class='ocrx_word' id='word_1_42' title='bbox 1318 931 1357 1007; x_wconf 81' lang='grc' dir='ltr'><strong>τῆ</strong></span> 
     </span>
     <span class='ocr_line' id='line_1_6' title="bbox 92 1041 1357 1144; baseline 0 -34"><span class='ocrx_word' id='word_1_43' title='bbox 92 1043 311 1124; x_wconf 72' lang='grc' dir='ltr'><strong>Μεγαλοπόλει</strong></span> <span class='ocrx_word' id='word_1_44' title='bbox 340 1051 571 1133; x_wconf 82' lang='grc' dir='ltr'><strong>κατασχίσεως</strong></span> <span class='ocrx_word' id='word_1_45' title='bbox 598 1045 655 1112; x_wconf 87' lang='grc' dir='ltr'><strong>καὶ</strong></span> <span class='ocrx_word' id='word_1_46' title='bbox 686 1057 741 1136; x_wconf 86' lang='grc' dir='ltr'><strong>τῆς</strong></span> <span class='ocrx_word' id='word_1_47' title='bbox 772 1057 832 1144; x_wconf 70' lang='grc' dir='ltr'><strong>τόν</strong></span> <span class='ocrx_word' id='word_1_48' title='bbox 862 1049 1056 1134; x_wconf 77' lang='grc' dir='ltr'><strong>πραγμάτων</strong></span> <span class='ocrx_word' id='word_1_49' title='bbox 1080 1042 1182 1112; x_wconf 88' lang='grc' dir='ltr'><strong>αύτιῑιν</strong></span> <span class='ocrx_word' id='word_1_50' title='bbox 1204 1041 1277 1130; x_wconf 89' lang='grc' dir='ltr'><strong>παρ’</strong></span> <span class='ocrx_word' id='word_1_51' title='bbox 1301 1043 1357 1125; x_wconf 85' lang='grc' dir='ltr'><strong>ἰγ-</strong></span> 
     </span>
    </p>
   </div>
   <div class='ocr_carea' id='block_1_3' title="bbox 88 1167 1357 2504">
    <p class='ocr_par' dir='ltr' id='par_1_3' title="bbox 88 1167 1357 2504">
     <span class='ocr_line' id='line_1_7' title="bbox 92 1167 1357 1257; baseline 0 -25"><span class='ocrx_word' id='word_1_52' title='bbox 92 1180 215 1255; x_wconf 84' lang='grc' dir='ltr'><strong>γυηταῖς</strong></span> <span class='ocrx_word' id='word_1_53' title='bbox 240 1171 451 1244; x_wconf 79' lang='grc' dir='ltr'><strong>καταθόστως</strong></span> <span class='ocrx_word' id='word_1_54' title='bbox 474 1173 725 1257; x_wconf 70' lang='grc' dir='ltr'><strong>προσγενήσεται</strong></span> <span class='ocrx_word' id='word_1_55' title='bbox 749 1170 793 1245; x_wconf 87' lang='grc' dir='ltr'><strong>εἰς</strong></span> <span class='ocrx_word' id='word_1_56' title='bbox 817 1170 891 1244; x_wconf 91' lang='grc' dir='ltr'><strong>τούς</strong></span> <span class='ocrx_word' id='word_1_57' title='bbox 914 1169 987 1257; x_wconf 81' lang='grc' dir='ltr'><strong>έζής</strong></span> <span class='ocrx_word' id='word_1_58' title='bbox 1012 1167 1154 1244; x_wconf 78' lang='grc' dir='ltr'><strong>ἅπαντας</strong></span> <span class='ocrx_word' id='word_1_59' title='bbox 1177 1171 1235 1234; x_wconf 88' lang='grc' dir='ltr'><strong>καί</strong></span> <span class='ocrx_word' id='word_1_60' title='bbox 1250 1169 1357 1256; x_wconf 83' lang='grc' dir='ltr'><strong>όιηνι-</strong></span> 
     </span>
     <span class='ocr_line' id='line_1_8' title="bbox 91 1291 1356 1382; baseline 0.002 -26"><span class='ocrx_word' id='word_1_61' title='bbox 91 1305 152 1364; x_wconf 77' lang='grc' dir='ltr'><strong>κείς</strong></span> <span class='ocrx_word' id='word_1_62' title='bbox 174 1296 310 1379; x_wconf 92' lang='grc' dir='ltr'><strong>χρόνους</strong></span> <span class='ocrx_word' id='word_1_63' title='bbox 334 1293 389 1358; x_wconf 83' lang='grc' dir='ltr'><strong>όιὰ</strong></span> <span class='ocrx_word' id='word_1_64' title='bbox 412 1296 447 1358; x_wconf 88' lang='grc' dir='ltr'><strong>τό</strong></span> <span class='ocrx_word' id='word_1_65' title='bbox 472 1291 682 1380; x_wconf 69' lang='grc' dir='ltr'><strong>οἰκονομικῶς</strong></span> <span class='ocrx_word' id='word_1_66' title='bbox 706 1293 788 1376; x_wconf 77' lang='grc' dir='ltr'><strong>ἄγαν</strong></span> <span class='ocrx_word' id='word_1_67' title='bbox 811 1298 867 1360; x_wconf 90' lang='grc' dir='ltr'><strong>καί</strong></span> <span class='ocrx_word' id='word_1_68' title='bbox 889 1298 974 1358; x_wconf 85' lang='grc' dir='ltr'><strong>κατὰ</strong></span> <span class='ocrx_word' id='word_1_69' title='bbox 997 1295 1199 1382; x_wconf 74' lang='grc' dir='ltr'><strong>προμήθειαν</strong></span> <span class='ocrx_word' id='word_1_70' title='bbox 1215 1291 1356 1380; x_wconf 83' lang='grc' dir='ltr'><strong>ἀρίστην,</strong></span> 
     </span>
     <span class='ocr_line' id='line_1_9' title="bbox 91 1413 1356 1506; baseline 0.002 -28"><span class='ocrx_word' id='word_1_71' title='bbox 91 1419 142 1479; x_wconf 84' lang='grc' dir='ltr'><strong>καί</strong></span> <span class='ocrx_word' id='word_1_72' title='bbox 168 1413 221 1480; x_wconf 83' lang='grc' dir='ltr'><strong>ἵνα</strong></span> <span class='ocrx_word' id='word_1_73' title='bbox 246 1417 290 1502; x_wconf 90' lang='grc' dir='ltr'><strong>μή</strong></span> <span class='ocrx_word' id='word_1_74' title='bbox 321 1420 426 1481; x_wconf 91' lang='grc' dir='ltr'><strong>κακόν</strong></span> <span class='ocrx_word' id='word_1_75' title='bbox 449 1439 478 1482; x_wconf 93' lang='grc' dir='ltr'><strong>τι</strong></span> <span class='ocrx_word' id='word_1_76' title='bbox 503 1422 586 1505; x_wconf 78' lang='grc' dir='ltr'><strong>μίγα</strong></span> <span class='ocrx_word' id='word_1_77' title='bbox 616 1422 703 1506; x_wconf 81' lang='grc' dir='ltr'><strong>παρὰ</strong></span> <span class='ocrx_word' id='word_1_78' title='bbox 734 1428 794 1482; x_wconf 74' lang='grc' dir='ltr'><strong>τῶν</strong></span> <span class='ocrx_word' id='word_1_79' title='bbox 821 1416 1199 1486; x_wconf 78' lang='grc' dir='ltr'><strong>Κωνσταντινυυπολιτῶν</strong></span> <span class='ocrx_word' id='word_1_80' title='bbox 1229 1429 1292 1490; x_wconf 83' lang='grc' dir='ltr'><strong>τοῖς</strong></span> <span class='ocrx_word' id='word_1_81' title='bbox 1324 1415 1356 1480; x_wconf 87' lang='grc' dir='ltr'><strong>ἰν</strong></span> 
     </span>
     <span class='ocr_line' id='line_1_10' title="bbox 90 1537 1356 1630; baseline 0.001 -27"><span class='ocrx_word' id='word_1_82' title='bbox 90 1551 125 1626; x_wconf 85' lang='grc' dir='ltr'><strong>τῆ</strong></span> <span class='ocrx_word' id='word_1_83' title='bbox 147 1537 375 1620; x_wconf 81' lang='grc' dir='ltr'><strong>Μεγαλοπόλει</strong></span> <span class='ocrx_word' id='word_1_84' title='bbox 402 1539 586 1616; x_wconf 84' lang='grc' dir='ltr'><strong>Γενυοΐταις</strong></span> <span class='ocrx_word' id='word_1_85' title='bbox 609 1543 730 1630; x_wconf 86' lang='grc' dir='ltr'><strong>συμβῆ,</strong></span> <span class='ocrx_word' id='word_1_86' title='bbox 758 1539 851 1607; x_wconf 85' lang='grc' dir='ltr'><strong>ὁποῖα</strong></span> <span class='ocrx_word' id='word_1_87' title='bbox 875 1539 892 1606; x_wconf 84' lang='grc' dir='ltr'>ὁ</span> <span class='ocrx_word' id='word_1_88' title='bbox 914 1542 1013 1616; x_wconf 87' lang='grc' dir='ltr'><strong>πολύς</strong></span> <span class='ocrx_word' id='word_1_89' title='bbox 1037 1539 1135 1629; x_wconf 82' lang='grc' dir='ltr'><strong>ὄχλος</strong></span> <span class='ocrx_word' id='word_1_90' title='bbox 1160 1539 1226 1606; x_wconf 85' lang='grc' dir='ltr'><strong>υἰόε</strong></span> <span class='ocrx_word' id='word_1_91' title='bbox 1248 1551 1356 1618; x_wconf 81' lang='grc' dir='ltr'><strong>ποιεῖν,</strong></span> 
     </span>
     <span class='ocr_line' id='line_1_11' title="bbox 92 1659 1356 1755; baseline 0.002 -30"><span class='ocrx_word' id='word_1_92' title='bbox 92 1664 141 1750; x_wconf 87' lang='grc' dir='ltr'><strong>τήν</strong></span> <span class='ocrx_word' id='word_1_93' title='bbox 165 1661 260 1742; x_wconf 85' lang='grc' dir='ltr'><strong>ἀγίαν</strong></span> <span class='ocrx_word' id='word_1_94' title='bbox 285 1659 384 1730; x_wconf 85' lang='grc' dir='ltr'><strong>αύτυύ</strong></span> <span class='ocrx_word' id='word_1_95' title='bbox 408 1666 573 1749; x_wconf 85' lang='grc' dir='ltr'><strong>βασιλείαν</strong></span> <span class='ocrx_word' id='word_1_96' title='bbox 604 1675 697 1732; x_wconf 88' lang='grc' dir='ltr'><strong>τούτο</strong></span> <span class='ocrx_word' id='word_1_97' title='bbox 728 1663 940 1755; x_wconf 77' lang='grc' dir='ltr'><strong>οἰκονομῆσαι</strong></span> <span class='ocrx_word' id='word_1_98' title='bbox 969 1669 1026 1731; x_wconf 89' lang='grc' dir='ltr'><strong>καί</strong></span> <span class='ocrx_word' id='word_1_99' title='bbox 1056 1661 1207 1731; x_wconf 82' lang='grc' dir='ltr'><strong>υύθέπυτε</strong></span> <span class='ocrx_word' id='word_1_100' title='bbox 1231 1667 1356 1754; x_wconf 86' lang='grc' dir='ltr'><strong>μνήμην</strong></span> 
     </span>
     <span class='ocr_line' id='line_1_12' title="bbox 91 1785 1356 1878; baseline 0.002 -28"><span class='ocrx_word' id='word_1_101' title='bbox 91 1797 141 1874; x_wconf 82' lang='grc' dir='ltr'><strong>τῆς</strong></span> <span class='ocrx_word' id='word_1_102' title='bbox 176 1789 325 1875; x_wconf 76' lang='grc' dir='ltr'><strong>τοιαύτης</strong></span> <span class='ocrx_word' id='word_1_103' title='bbox 360 1785 545 1863; x_wconf 77' lang='grc' dir='ltr'><strong>ὑποθέσεως</strong></span> <span class='ocrx_word' id='word_1_104' title='bbox 577 1791 798 1878; x_wconf 78' lang='grc' dir='ltr'><strong>ποιησόμεθα,</strong></span> <span class='ocrx_word' id='word_1_105' title='bbox 835 1790 957 1876; x_wconf 87' lang='grc' dir='ltr'><strong>μᾶλλον</strong></span> <span class='ocrx_word' id='word_1_106' title='bbox 986 1793 1043 1875; x_wconf 80' lang='grc' dir='ltr'><strong>μὲν</strong></span> <span class='ocrx_word' id='word_1_107' title='bbox 1071 1785 1125 1854; x_wconf 87' lang='grc' dir='ltr'><strong>υύν</strong></span> <span class='ocrx_word' id='word_1_108' title='bbox 1157 1793 1212 1854; x_wconf 88' lang='grc' dir='ltr'><strong>καί</strong></span> <span class='ocrx_word' id='word_1_109' title='bbox 1236 1785 1268 1854; x_wconf 84' lang='grc' dir='ltr'><strong>ἰν</strong></span> <span class='ocrx_word' id='word_1_110' title='bbox 1292 1799 1356 1862; x_wconf 85' lang='grc' dir='ltr'><strong>τυίς</strong></span> 
     </span>
     <span class='ocr_line' id='line_1_13' title="bbox 90 1910 1355 2002; baseline 0.002 -26"><span class='ocrx_word' id='word_1_111' title='bbox 90 1910 195 1997; x_wconf 87' lang='grc' dir='ltr'><strong>ύρκοις</strong></span> <span class='ocrx_word' id='word_1_112' title='bbox 218 1924 281 1986; x_wconf 84' lang='grc' dir='ltr'><strong>τοῖς</strong></span> <span class='ocrx_word' id='word_1_113' title='bbox 306 1918 483 2000; x_wconf 84' lang='grc' dir='ltr'><strong>γινομένοις</strong></span> <span class='ocrx_word' id='word_1_114' title='bbox 507 1913 540 1978; x_wconf 83' lang='grc' dir='ltr'><strong>ἐν</strong></span> <span class='ocrx_word' id='word_1_115' title='bbox 563 1914 607 2002; x_wconf 78' lang='grc' dir='ltr'><strong>τῷ</strong></span> <span class='ocrx_word' id='word_1_116' title='bbox 628 1919 757 2001; x_wconf 84' lang='grc' dir='ltr'><strong>καίστριμ</strong></span> <span class='ocrx_word' id='word_1_117' title='bbox 787 1911 877 2002; x_wconf 81' lang='grc' dir='ltr'><strong>ήμιόν</strong></span> <span class='ocrx_word' id='word_1_118' title='bbox 904 1912 955 1980; x_wconf 83' lang='grc' dir='ltr'><strong>ἰπὶ</strong></span> <span class='ocrx_word' id='word_1_119' title='bbox 980 1925 1048 1987; x_wconf 82' lang='grc' dir='ltr'><strong>ταῖς</strong></span> <span class='ocrx_word' id='word_1_120' title='bbox 1076 1913 1268 1994; x_wconf 83' lang='grc' dir='ltr'><strong>ἰναλλαγαῖς</strong></span> <span class='ocrx_word' id='word_1_121' title='bbox 1295 1923 1355 1978; x_wconf 84' lang='grc' dir='ltr'><strong>τῶν</strong></span> 
     </span>
     <span class='ocr_line' id='line_1_14' title="bbox 89 2036 1354 2126; baseline 0.002 -25"><span class='ocrx_word' id='word_1_122' title='bbox 89 2039 266 2104; x_wconf 87' lang='grc' dir='ltr'><strong>κονσούλων</strong></span> <span class='ocrx_word' id='word_1_123' title='bbox 300 2041 357 2102; x_wconf 88' lang='grc' dir='ltr'><strong>καί</strong></span> <span class='ocrx_word' id='word_1_124' title='bbox 384 2039 570 2124; x_wconf 82' lang='grc' dir='ltr'><strong>συμβούλων</strong></span> <span class='ocrx_word' id='word_1_125' title='bbox 600 2037 621 2126; x_wconf 87' lang='grc' dir='ltr'><strong>ή</strong></span> <span class='ocrx_word' id='word_1_126' title='bbox 648 2042 706 2104; x_wconf 89' lang='grc' dir='ltr'><strong>καί</strong></span> <span class='ocrx_word' id='word_1_127' title='bbox 740 2036 950 2114; x_wconf 74' lang='grc' dir='ltr'><strong>ἰξουσιαστιίιν</strong></span> <span class='ocrx_word' id='word_1_128' title='bbox 984 2047 1077 2104; x_wconf 87' lang='grc' dir='ltr'><strong>τούτο</strong></span> <span class='ocrx_word' id='word_1_129' title='bbox 1108 2040 1354 2123; x_wconf 76' lang='grc' dir='ltr'><strong>προστίθεσθαι,</strong></span> 
     </span>
     <span class='ocr_line' id='line_1_15' title="bbox 90 2161 1352 2252; baseline 0.002 -26"><span class='ocrx_word' id='word_1_130' title='bbox 90 2162 260 2250; x_wconf 83' lang='grc' dir='ltr'><strong>ἀμνηστίαν</strong></span> <span class='ocrx_word' id='word_1_131' title='bbox 287 2165 427 2252; x_wconf 90' lang='grc' dir='ltr'><strong>παντελῆ</strong></span> <span class='ocrx_word' id='word_1_132' title='bbox 458 2167 579 2238; x_wconf 80' lang='grc' dir='ltr'><strong>πάντας</strong></span> <span class='ocrx_word' id='word_1_133' title='bbox 609 2164 679 2237; x_wconf 90' lang='grc' dir='ltr'><strong>τούς</strong></span> <span class='ocrx_word' id='word_1_134' title='bbox 702 2161 870 2238; x_wconf 86' lang='grc' dir='ltr'><strong>Γενουΐτας</strong></span> <span class='ocrx_word' id='word_1_135' title='bbox 894 2162 981 2250; x_wconf 75' lang='grc' dir='ltr'><strong>ἔχειν</strong></span> <span class='ocrx_word' id='word_1_136' title='bbox 1005 2171 1060 2227; x_wconf 90' lang='grc' dir='ltr'><strong>τού</strong></span> <span class='ocrx_word' id='word_1_137' title='bbox 1083 2165 1227 2228; x_wconf 90' lang='grc' dir='ltr'><strong>τοιούτου</strong></span> <span class='ocrx_word' id='word_1_138' title='bbox 1251 2183 1352 2228; x_wconf 87' lang='grc' dir='ltr'><strong>σκαν-</strong></span> 
     </span>
     <span class='ocr_line' id='line_1_16' title="bbox 88 2285 1355 2377; baseline -0.001 -25"><span class='ocrx_word' id='word_1_139' title='bbox 88 2289 186 2352; x_wconf 82' lang='grc' dir='ltr'><strong>δάλου</strong></span> <span class='ocrx_word' id='word_1_140' title='bbox 211 2293 268 2356; x_wconf 85' lang='grc' dir='ltr'><strong>καί</strong></span> <span class='ocrx_word' id='word_1_141' title='bbox 295 2291 454 2377; x_wconf 78' lang='grc' dir='ltr'><strong>μηδέποτε</strong></span> <span class='ocrx_word' id='word_1_142' title='bbox 482 2287 580 2354; x_wconf 70' lang='grc' dir='ltr'><strong>ἕνεκα</strong></span> <span class='ocrx_word' id='word_1_143' title='bbox 607 2291 718 2354; x_wconf 89' lang='grc' dir='ltr'><strong>τούτου</strong></span> <span class='ocrx_word' id='word_1_144' title='bbox 745 2291 823 2375; x_wconf 86' lang='grc' dir='ltr'><strong>πρός</strong></span> <span class='ocrx_word' id='word_1_145' title='bbox 854 2287 975 2375; x_wconf 82' lang='grc' dir='ltr'><strong>ἄμυνοίν</strong></span> <span class='ocrx_word' id='word_1_146' title='bbox 999 2307 1068 2352; x_wconf 89' lang='grc' dir='ltr'><strong>τινα</strong></span> <span class='ocrx_word' id='word_1_147' title='bbox 1090 2291 1175 2354; x_wconf 86' lang='grc' dir='ltr'><strong>κατὰ</strong></span> <span class='ocrx_word' id='word_1_148' title='bbox 1198 2295 1254 2374; x_wconf 92' lang='grc' dir='ltr'><strong>τῆς</strong></span> <span class='ocrx_word' id='word_1_149' title='bbox 1276 2285 1355 2354; x_wconf 86' lang='grc' dir='ltr'><strong>Ῥω-</strong></span> 
     </span>
     <span class='ocr_line' id='line_1_17' title="bbox 89 2408 1354 2504; baseline 0.001 -27"><span class='ocrx_word' id='word_1_150' title='bbox 89 2419 200 2498; x_wconf 91' lang='grc' dir='ltr'><strong>μανίας</strong></span> <span class='ocrx_word' id='word_1_151' title='bbox 224 2426 360 2502; x_wconf 78' lang='grc' dir='ltr'><strong>μερικῶς</strong></span> <span class='ocrx_word' id='word_1_152' title='bbox 384 2414 404 2504; x_wconf 88' lang='grc' dir='ltr'><strong>ή</strong></span> <span class='ocrx_word' id='word_1_153' title='bbox 428 2415 578 2480; x_wconf 88' lang='grc' dir='ltr'><strong>καθόλου</strong></span> <span class='ocrx_word' id='word_1_154' title='bbox 602 2410 716 2488; x_wconf 86' lang='grc' dir='ltr'><strong>αύτούς</strong></span> <span class='ocrx_word' id='word_1_155' title='bbox 739 2421 894 2500; x_wconf 87' lang='grc' dir='ltr'><strong>χωρῆσαι,</strong></span> <span class='ocrx_word' id='word_1_156' title='bbox 921 2413 1002 2500; x_wconf 77' lang='grc' dir='ltr'><strong>μηδὲ</strong></span> <span class='ocrx_word' id='word_1_157' title='bbox 1027 2408 1109 2485; x_wconf 85' lang='grc' dir='ltr'><strong>ύλως</strong></span> <span class='ocrx_word' id='word_1_158' title='bbox 1133 2411 1178 2486; x_wconf 88' lang='grc' dir='ltr'><strong>εἰς</strong></span> <span class='ocrx_word' id='word_1_159' title='bbox 1200 2415 1354 2500; x_wconf 81' lang='grc' dir='ltr'><strong>πρόφασιν</strong></span> 
     </span>
    </p>
   </div>
   <div class='ocr_carea' id='block_1_4' title="bbox 89 2532 1491 2626">
    <p class='ocr_par' dir='ltr' id='par_1_4' title="bbox 89 2532 1491 2626">
     <span class='ocr_line' id='line_1_18' title="bbox 89 2532 1491 2626; baseline -0.001 -25"><span class='ocrx_word' id='word_1_160' title='bbox 89 2549 158 2622; x_wconf 83' lang='grc' dir='ltr'><strong>μιᾶς</strong></span> <span class='ocrx_word' id='word_1_161' title='bbox 192 2544 248 2603; x_wconf 87' lang='grc' dir='ltr'><strong>καί</strong></span> <span class='ocrx_word' id='word_1_162' title='bbox 284 2543 382 2626; x_wconf 88' lang='grc' dir='ltr'><strong>μόνης</strong></span> <span class='ocrx_word' id='word_1_163' title='bbox 416 2543 548 2626; x_wconf 88' lang='grc' dir='ltr'><strong>κεραίας</strong></span> <span class='ocrx_word' id='word_1_164' title='bbox 583 2537 777 2624; x_wconf 75' lang='grc' dir='ltr'><strong>ἀναιρέσεως</strong></span> <span class='ocrx_word' id='word_1_165' title='bbox 812 2547 872 2602; x_wconf 83' lang='grc' dir='ltr'><strong>τῶν</strong></span> <span class='ocrx_word' id='word_1_166' title='bbox 902 2536 936 2602; x_wconf 85' lang='grc' dir='ltr'><strong>έν</strong></span> <span class='ocrx_word' id='word_1_167' title='bbox 964 2538 1007 2622; x_wconf 81' lang='grc' dir='ltr'><strong>τῷ</strong></span> <span class='ocrx_word' id='word_1_168' title='bbox 1033 2534 1241 2622; x_wconf 77' lang='grc' dir='ltr'><strong>ύρκωμυτικῷ</strong></span> <span class='ocrx_word' id='word_1_169' title='bbox 1265 2532 1354 2624; x_wconf 71' lang='grc' dir='ltr'><strong>ἡμων</strong></span> <span class='ocrx_word' id='word_1_170' title='bbox 1485 2553 1491 2566; x_wconf 92' lang='grc'><em>·</em></span> 
     </span>
    </p>
   </div>
   <div class='ocr_carea' id='block_1_5' title="bbox 88 2659 1359 4868">
    <p class='ocr_par' dir='ltr' id='par_1_5' title="bbox 88 2659 1359 4868">
     <span class='ocr_line' id='line_1_19' title="bbox 88 2659 1354 2752; baseline 0 -25"><span class='ocrx_word' id='word_1_171' title='bbox 88 2661 233 2752; x_wconf 80' lang='grc' dir='ltr'><strong>έγγράριρ</strong></span> <span class='ocrx_word' id='word_1_172' title='bbox 257 2667 409 2750; x_wconf 82' lang='grc' dir='ltr'><strong>κειμένων</strong></span> <span class='ocrx_word' id='word_1_173' title='bbox 433 2673 580 2751; x_wconf 84' lang='grc' dir='ltr'><strong>χωρῆσαι</strong></span> <span class='ocrx_word' id='word_1_174' title='bbox 604 2659 656 2728; x_wconf 84' lang='grc' dir='ltr'><strong>ύπε</strong></span> <span class='ocrx_word' id='word_1_175' title='bbox 680 2664 815 2750; x_wconf 86' lang='grc' dir='ltr'><strong>όήποτε,</strong></span> <span class='ocrx_word' id='word_1_176' title='bbox 839 2660 882 2738; x_wconf 84' lang='grc' dir='ltr'><strong>ύις</strong></span> <span class='ocrx_word' id='word_1_177' title='bbox 905 2665 962 2728; x_wconf 86' lang='grc' dir='ltr'><strong>καί</strong></span> <span class='ocrx_word' id='word_1_178' title='bbox 985 2672 1040 2728; x_wconf 84' lang='grc' dir='ltr'><strong>τού</strong></span> <span class='ocrx_word' id='word_1_179' title='bbox 1063 2666 1173 2749; x_wconf 88' lang='grc' dir='ltr'><strong>κυρίου</strong></span> <span class='ocrx_word' id='word_1_180' title='bbox 1198 2663 1354 2746; x_wconf 80' lang='grc' dir='ltr'><strong>βασιλέως</strong></span> 
     </span>
     <span class='ocr_line' id='line_1_20' title="bbox 88 2783 1354 2875; baseline -0.001 -23"><span class='ocrx_word' id='word_1_181' title='bbox 88 2787 141 2853; x_wconf 83' lang='grc' dir='ltr'><strong>καί</strong></span> <span class='ocrx_word' id='word_1_182' title='bbox 168 2798 222 2875; x_wconf 89' lang='grc' dir='ltr'><strong>τῆς</strong></span> <span class='ocrx_word' id='word_1_183' title='bbox 251 2787 429 2875; x_wconf 83' lang='grc' dir='ltr'><strong>Ῥεηιενίας</strong></span> <span class='ocrx_word' id='word_1_184' title='bbox 456 2790 714 2861; x_wconf 86' lang='grc' dir='ltr'><strong>κατανεύσαντος</strong></span> <span class='ocrx_word' id='word_1_185' title='bbox 737 2789 790 2852; x_wconf 82' lang='grc' dir='ltr'><strong>όιόι</strong></span> <span class='ocrx_word' id='word_1_186' title='bbox 813 2795 869 2852; x_wconf 85' lang='grc' dir='ltr'><strong>τού</strong></span> <span class='ocrx_word' id='word_1_187' title='bbox 893 2791 1063 2868; x_wconf 88' lang='grc' dir='ltr'><strong>γεγονότος</strong></span> <span class='ocrx_word' id='word_1_188' title='bbox 1086 2794 1139 2852; x_wconf 87' lang='grc' dir='ltr'><strong>νύν</strong></span> <span class='ocrx_word' id='word_1_189' title='bbox 1164 2783 1259 2860; x_wconf 90' lang='grc' dir='ltr'><strong>αύθις</strong></span> <span class='ocrx_word' id='word_1_190' title='bbox 1282 2783 1354 2874; x_wconf 89' lang='grc' dir='ltr'><strong>ήμῐν</strong></span> 
     </span>
     <span class='ocr_line' id='line_1_21' title="bbox 88 2905 1358 3000; baseline 0.002 -26"><span class='ocrx_word' id='word_1_191' title='bbox 88 2921 304 3000; x_wconf 87' lang='grc' dir='ltr'><strong>πρυσκυνητυύ</strong></span> <span class='ocrx_word' id='word_1_192' title='bbox 332 2913 572 3000; x_wconf 88' lang='grc' dir='ltr'><strong>χρυσοβούλλοο</strong></span> <span class='ocrx_word' id='word_1_193' title='bbox 600 2921 657 3000; x_wconf 88' lang='grc' dir='ltr'><strong>τῆς</strong></span> <span class='ocrx_word' id='word_1_194' title='bbox 682 2910 777 2992; x_wconf 82' lang='grc' dir='ltr'><strong>ἁγίας</strong></span> <span class='ocrx_word' id='word_1_195' title='bbox 801 2905 899 2976; x_wconf 86' lang='grc' dir='ltr'><strong>αύτού</strong></span> <span class='ocrx_word' id='word_1_196' title='bbox 924 2912 1089 2996; x_wconf 84' lang='grc' dir='ltr'><strong>βασιλείας</strong></span> <span class='ocrx_word' id='word_1_197' title='bbox 1113 2910 1271 2998; x_wconf 78' lang='grc' dir='ltr'><strong>μηδέποτε</strong></span> <span class='ocrx_word' id='word_1_198' title='bbox 1295 2909 1358 2976; x_wconf 87' lang='grc' dir='ltr'><strong>αἰπύ</strong></span> 
     </span>
     <span class='ocr_line' id='line_1_22' title="bbox 89 3033 1357 3123; baseline 0 -25"><span class='ocrx_word' id='word_1_199' title='bbox 89 3044 140 3098; x_wconf 82' lang='grc' dir='ltr'><strong>τού</strong></span> <span class='ocrx_word' id='word_1_200' title='bbox 168 3045 219 3102; x_wconf 89' lang='grc' dir='ltr'><strong>νύν</strong></span> <span class='ocrx_word' id='word_1_201' title='bbox 249 3035 283 3100; x_wconf 85' lang='grc' dir='ltr'><strong>έν</strong></span> <span class='ocrx_word' id='word_1_202' title='bbox 310 3039 511 3123; x_wconf 82' lang='grc' dir='ltr'><strong>κατασχέσει</strong></span> <span class='ocrx_word' id='word_1_203' title='bbox 538 3038 621 3110; x_wconf 84' lang='grc' dir='ltr'><strong>τινός</strong></span> <span class='ocrx_word' id='word_1_204' title='bbox 648 3045 708 3100; x_wconf 73' lang='grc' dir='ltr'><strong>τῶν</strong></span> <span class='ocrx_word' id='word_1_205' title='bbox 732 3033 903 3100; x_wconf 80' lang='grc' dir='ltr'><strong>Γινουῐτύν</strong></span> <span class='ocrx_word' id='word_1_206' title='bbox 927 3037 1097 3116; x_wconf 87' lang='grc' dir='ltr'><strong>γενέσθαι,</strong></span> <span class='ocrx_word' id='word_1_207' title='bbox 1122 3037 1202 3122; x_wconf 86' lang='grc' dir='ltr'><strong>μήτε</strong></span> <span class='ocrx_word' id='word_1_208' title='bbox 1224 3035 1278 3100; x_wconf 81' lang='grc' dir='ltr'><strong>διὰ</strong></span> <span class='ocrx_word' id='word_1_209' title='bbox 1301 3035 1357 3120; x_wconf 88' lang='grc' dir='ltr'><strong>τήν</strong></span> 
     </span>
     <span class='ocr_line' id='line_1_23' title="bbox 90 3157 1357 3250; baseline -0.002 -26"><span class='ocrx_word' id='word_1_210' title='bbox 90 3163 233 3250; x_wconf 80' lang='grc' dir='ltr'><strong>τοιαύτην</strong></span> <span class='ocrx_word' id='word_1_211' title='bbox 258 3162 372 3240; x_wconf 86' lang='grc' dir='ltr'><strong>αἰτίαν,</strong></span> <span class='ocrx_word' id='word_1_212' title='bbox 398 3165 477 3250; x_wconf 90' lang='grc' dir='ltr'><strong>μήτε</strong></span> <span class='ocrx_word' id='word_1_213' title='bbox 500 3159 539 3226; x_wconf 82' lang='grc' dir='ltr'><strong>δι’</strong></span> <span class='ocrx_word' id='word_1_214' title='bbox 564 3161 674 3248; x_wconf 73' lang='grc' dir='ltr'><strong>ἑτέραν</strong></span> <span class='ocrx_word' id='word_1_215' title='bbox 699 3159 881 3248; x_wconf 83' lang='grc' dir='ltr'><strong>οἰανόήτινα</strong></span> <span class='ocrx_word' id='word_1_216' title='bbox 905 3161 1036 3247; x_wconf 85' lang='grc' dir='ltr'><strong>μερικήν</strong></span> <span class='ocrx_word' id='word_1_217' title='bbox 1061 3164 1177 3246; x_wconf 89' lang='grc' dir='ltr'><strong>ζημίαν</strong></span> <span class='ocrx_word' id='word_1_218' title='bbox 1197 3157 1217 3246; x_wconf 84' lang='grc' dir='ltr'><strong>ή</strong></span> <span class='ocrx_word' id='word_1_219' title='bbox 1235 3160 1357 3245; x_wconf 89' lang='grc' dir='ltr'><strong>βλοίβην</strong></span> 
     </span>
     <span class='ocr_line' id='line_1_24' title="bbox 89 3283 1357 3375; baseline -0.003 -23"><span class='ocrx_word' id='word_1_220' title='bbox 89 3297 124 3374; x_wconf 86' lang='grc' dir='ltr'><strong>τῆ</strong></span> <span class='ocrx_word' id='word_1_221' title='bbox 148 3286 307 3374; x_wconf 79' lang='grc' dir='ltr'><strong>Ῥωμανία</strong></span> <span class='ocrx_word' id='word_1_222' title='bbox 334 3285 354 3375; x_wconf 89' lang='grc' dir='ltr'><strong>ή</strong></span> <span class='ocrx_word' id='word_1_223' title='bbox 378 3291 437 3352; x_wconf 85' lang='grc' dir='ltr'><strong>τινί</strong></span> <span class='ocrx_word' id='word_1_224' title='bbox 460 3297 520 3353; x_wconf 79' lang='grc' dir='ltr'><strong>τῶν</strong></span> <span class='ocrx_word' id='word_1_225' title='bbox 544 3285 680 3352; x_wconf 85' lang='grc' dir='ltr'><strong>ίτυίκειν</strong></span> <span class='ocrx_word' id='word_1_226' title='bbox 703 3283 800 3372; x_wconf 86' lang='grc' dir='ltr'><strong>αύτῆς</strong></span> <span class='ocrx_word' id='word_1_227' title='bbox 824 3285 868 3360; x_wconf 86' lang='grc' dir='ltr'><strong>εἰς</strong></span> <span class='ocrx_word' id='word_1_228' title='bbox 891 3288 926 3351; x_wconf 85' lang='grc' dir='ltr'><strong>τό</strong></span> <span class='ocrx_word' id='word_1_229' title='bbox 955 3284 1027 3372; x_wconf 79' lang='grc' dir='ltr'><strong>έζῆς</strong></span> <span class='ocrx_word' id='word_1_230' title='bbox 1054 3284 1357 3372; x_wconf 73' lang='grc' dir='ltr'><strong>ἐπενεχθησομένην</strong></span> 
     </span>
     <span class='ocr_line' id='line_1_25' title="bbox 88 3407 1356 3497; baseline 0.002 -25"><span class='ocrx_word' id='word_1_231' title='bbox 88 3413 169 3494; x_wconf 86' lang='grc' dir='ltr'><strong>ταρά</strong></span> <span class='ocrx_word' id='word_1_232' title='bbox 202 3429 295 3475; x_wconf 88' lang='grc' dir='ltr'><strong>τινων</strong></span> <span class='ocrx_word' id='word_1_233' title='bbox 329 3409 500 3476; x_wconf 85' lang='grc' dir='ltr'><strong>Γενουίτύν</strong></span> <span class='ocrx_word' id='word_1_234' title='bbox 526 3413 587 3496; x_wconf 91' lang='grc' dir='ltr'><strong>πρό</strong></span> <span class='ocrx_word' id='word_1_235' title='bbox 610 3417 666 3475; x_wconf 85' lang='grc' dir='ltr'><strong>τού</strong></span> <span class='ocrx_word' id='word_1_236' title='bbox 690 3411 800 3476; x_wconf 80' lang='grc' dir='ltr'><strong>θούναι</strong></span> <span class='ocrx_word' id='word_1_237' title='bbox 828 3407 950 3497; x_wconf 77' lang='grc' dir='ltr'><strong>τίθησιν</strong></span> <span class='ocrx_word' id='word_1_238' title='bbox 977 3409 1021 3496; x_wconf 77' lang='grc' dir='ltr'><strong>τῷ</strong></span> <span class='ocrx_word' id='word_1_239' title='bbox 1054 3413 1182 3496; x_wconf 84' lang='grc' dir='ltr'><strong>κάστριρ</strong></span> <span class='ocrx_word' id='word_1_240' title='bbox 1216 3407 1356 3482; x_wconf 85' lang='grc' dir='ltr'><strong>Γενούας</strong></span> 
     </span>
     <span class='ocr_line' id='line_1_26' title="bbox 90 3530 1356 3622; baseline 0.001 -25"><span class='ocrx_word' id='word_1_241' title='bbox 90 3537 142 3597; x_wconf 88' lang='grc' dir='ltr'><strong>καί</strong></span> <span class='ocrx_word' id='word_1_242' title='bbox 163 3533 195 3610; x_wconf 76' lang='grc' dir='ltr'><strong>έζ</strong></span> <span class='ocrx_word' id='word_1_243' title='bbox 218 3533 343 3599; x_wconf 78' lang='grc' dir='ltr'><strong>ἀκείνου</strong></span> <span class='ocrx_word' id='word_1_244' title='bbox 358 3535 414 3622; x_wconf 88' lang='grc' dir='ltr'><strong>τήν</strong></span> <span class='ocrx_word' id='word_1_245' title='bbox 431 3535 598 3621; x_wconf 73' lang='grc' dir='ltr'><strong>ἐκδίκησιν</strong></span> <span class='ocrx_word' id='word_1_246' title='bbox 616 3533 802 3620; x_wconf 89' lang='grc' dir='ltr'><strong>ἀπαιτῆσαι,</strong></span> <span class='ocrx_word' id='word_1_247' title='bbox 826 3535 941 3607; x_wconf 86' lang='grc' dir='ltr'><strong>καθεός</strong></span> <span class='ocrx_word' id='word_1_248' title='bbox 966 3530 1111 3621; x_wconf 79' lang='grc' dir='ltr'><strong>ἀρχῆθεν</strong></span> <span class='ocrx_word' id='word_1_249' title='bbox 1135 3535 1356 3622; x_wconf 75' lang='grc' dir='ltr'><strong>συνεφωνήθη,</strong></span> 
     </span>
     <span class='ocr_line' id='line_1_27' title="bbox 91 3654 1357 3745; baseline 0.002 -25"><span class='ocrx_word' id='word_1_250' title='bbox 91 3659 123 3720; x_wconf 88' lang='grc' dir='ltr'><strong>τό</strong></span> <span class='ocrx_word' id='word_1_251' title='bbox 148 3661 250 3744; x_wconf 84' lang='grc' dir='ltr'><strong>ταρύν</strong></span> <span class='ocrx_word' id='word_1_252' title='bbox 278 3659 517 3745; x_wconf 88' lang='grc' dir='ltr'><strong>χρυσόβουλλον</strong></span> <span class='ocrx_word' id='word_1_253' title='bbox 547 3658 789 3738; x_wconf 90' lang='grc' dir='ltr'><strong>σιγίλλιυν</strong></span> <span class='ocrx_word' id='word_1_254' title='bbox 816 3657 860 3743; x_wconf 80' lang='grc' dir='ltr'><strong>τῷ</strong></span> <span class='ocrx_word' id='word_1_255' title='bbox 884 3659 1013 3743; x_wconf 84' lang='grc' dir='ltr'><strong>κάστριρ</strong></span> <span class='ocrx_word' id='word_1_256' title='bbox 1041 3661 1097 3721; x_wconf 84' lang='grc' dir='ltr'><strong>καί</strong></span> <span class='ocrx_word' id='word_1_257' title='bbox 1120 3667 1159 3744; x_wconf 85' lang='grc' dir='ltr'><strong>τῆ</strong></span> <span class='ocrx_word' id='word_1_258' title='bbox 1183 3659 1275 3744; x_wconf 75' lang='grc' dir='ltr'><strong>χώρα</strong></span> <span class='ocrx_word' id='word_1_259' title='bbox 1296 3654 1357 3722; x_wconf 89' lang='grc' dir='ltr'><strong>Γε-</strong></span> 
     </span>
     <span class='ocr_line' id='line_1_28' title="bbox 91 3777 1357 3872; baseline 0 -27"><span class='ocrx_word' id='word_1_260' title='bbox 91 3781 221 3872; x_wconf 86' lang='grc' dir='ltr'><strong>νούαςή</strong></span> <span class='ocrx_word' id='word_1_261' title='bbox 248 3785 395 3868; x_wconf 86' lang='grc' dir='ltr'><strong>βασιλεία</strong></span> <span class='ocrx_word' id='word_1_262' title='bbox 421 3805 481 3870; x_wconf 85' lang='grc' dir='ltr'><strong>μου</strong></span> <span class='ocrx_word' id='word_1_263' title='bbox 505 3781 727 3869; x_wconf 84' lang='grc' dir='ltr'><strong>ἰπεβράβευσε,</strong></span> <span class='ocrx_word' id='word_1_264' title='bbox 753 3779 792 3846; x_wconf 74' lang='grc' dir='ltr'><strong>δι’</strong></span> <span class='ocrx_word' id='word_1_265' title='bbox 817 3777 854 3846; x_wconf 90' lang='grc' dir='ltr'><strong>ού</strong></span> <span class='ocrx_word' id='word_1_266' title='bbox 877 3784 1024 3856; x_wconf 76' lang='grc' dir='ltr'><strong>θεσπίζει</strong></span> <span class='ocrx_word' id='word_1_267' title='bbox 1044 3786 1100 3846; x_wconf 88' lang='grc' dir='ltr'><strong>καί</strong></span> <span class='ocrx_word' id='word_1_268' title='bbox 1116 3782 1298 3868; x_wconf 75' lang='grc' dir='ltr'><strong>διορίζεται,</strong></span> <span class='ocrx_word' id='word_1_269' title='bbox 1322 3783 1357 3846; x_wconf 83' lang='grc' dir='ltr'><strong>τό</strong></span> 
     </span>
     <span class='ocr_line' id='line_1_29' title="bbox 93 3905 1358 3999; baseline -0.002 -26"><span class='ocrx_word' id='word_1_270' title='bbox 93 3910 215 3993; x_wconf 85' lang='grc' dir='ltr'><strong>βέβαιον</strong></span> <span class='ocrx_word' id='word_1_271' title='bbox 250 3915 308 3974; x_wconf 92' lang='grc' dir='ltr'><strong>καί</strong></span> <span class='ocrx_word' id='word_1_272' title='bbox 342 3908 486 3999; x_wconf 78' lang='grc' dir='ltr'><strong>ἀσφαλές</strong></span> <span class='ocrx_word' id='word_1_273' title='bbox 519 3912 575 3973; x_wconf 95' lang='grc' dir='ltr'><strong>καί</strong></span> <span class='ocrx_word' id='word_1_274' title='bbox 611 3906 880 3994; x_wconf 84' lang='grc' dir='ltr'><strong>ἀπαράθραυστον</strong></span> <span class='ocrx_word' id='word_1_275' title='bbox 916 3905 1004 3993; x_wconf 78' lang='grc' dir='ltr'><strong>ἔχειν</strong></span> <span class='ocrx_word' id='word_1_276' title='bbox 1038 3909 1077 3971; x_wconf 86' lang='grc' dir='ltr'><strong>τά</strong></span> <span class='ocrx_word' id='word_1_277' title='bbox 1106 3909 1358 3994; x_wconf 76' lang='grc' dir='ltr'><strong>συμφωνηθέντα</strong></span> 
     </span>
     <span class='ocr_line' id='line_1_30' title="bbox 90 4027 1359 4120; baseline -0.002 -25"><span class='ocrx_word' id='word_1_278' title='bbox 90 4035 187 4098; x_wconf 78' lang='grc' dir='ltr'><strong>ταντα</strong></span> <span class='ocrx_word' id='word_1_279' title='bbox 210 4035 328 4120; x_wconf 78' lang='grc' dir='ltr'><strong>μεταξύ</strong></span> <span class='ocrx_word' id='word_1_280' title='bbox 351 4043 407 4120; x_wconf 90' lang='grc' dir='ltr'><strong>τῆς</strong></span> <span class='ocrx_word' id='word_1_281' title='bbox 432 4033 598 4118; x_wconf 84' lang='grc' dir='ltr'><strong>βασιλιίας</strong></span> <span class='ocrx_word' id='word_1_282' title='bbox 623 4052 683 4118; x_wconf 91' lang='grc' dir='ltr'><strong>μου</strong></span> <span class='ocrx_word' id='word_1_283' title='bbox 706 4029 763 4096; x_wconf 86' lang='grc' dir='ltr'><strong>καὶ</strong></span> <span class='ocrx_word' id='word_1_284' title='bbox 787 4039 841 4118; x_wconf 91' lang='grc' dir='ltr'><strong>τῆς</strong></span> <span class='ocrx_word' id='word_1_285' title='bbox 865 4027 1043 4117; x_wconf 86' lang='grc' dir='ltr'><strong>Ῥωμανίας</strong></span> <span class='ocrx_word' id='word_1_286' title='bbox 1065 4033 1122 4095; x_wconf 87' lang='grc' dir='ltr'><strong>καί</strong></span> <span class='ocrx_word' id='word_1_287' title='bbox 1145 4038 1205 4094; x_wconf 76' lang='grc' dir='ltr'><strong>τῶν</strong></span> <span class='ocrx_word' id='word_1_288' title='bbox 1228 4028 1359 4095; x_wconf 86' lang='grc' dir='ltr'><strong>Γενουί·</strong></span> 
     </span>
     <span class='ocr_line' id='line_1_31' title="bbox 91 4153 1357 4244; baseline -0.001 -25"><span class='ocrx_word' id='word_1_289' title='bbox 91 4166 146 4220; x_wconf 76' lang='grc' dir='ltr'><strong>τῶν</strong></span> <span class='ocrx_word' id='word_1_290' title='bbox 166 4162 223 4222; x_wconf 85' lang='grc' dir='ltr'><strong>καί</strong></span> <span class='ocrx_word' id='word_1_291' title='bbox 248 4159 282 4223; x_wconf 85' lang='grc' dir='ltr'><strong>ἰν</strong></span> <span class='ocrx_word' id='word_1_292' title='bbox 305 4159 349 4244; x_wconf 77' lang='grc' dir='ltr'><strong>τῷ</strong></span> <span class='ocrx_word' id='word_1_293' title='bbox 370 4157 626 4243; x_wconf 85' lang='grc' dir='ltr'><strong>πρυαπυλυθέντι</strong></span> <span class='ocrx_word' id='word_1_294' title='bbox 649 4155 877 4242; x_wconf 88' lang='grc' dir='ltr'><strong>χρυσοβούλλιρ</strong></span> <span class='ocrx_word' id='word_1_295' title='bbox 901 4155 987 4238; x_wconf 77' lang='grc' dir='ltr'><strong>λόγῳ</strong></span> <span class='ocrx_word' id='word_1_296' title='bbox 1017 4161 1074 4240; x_wconf 91' lang='grc' dir='ltr'><strong>τῆς</strong></span> <span class='ocrx_word' id='word_1_297' title='bbox 1102 4153 1267 4238; x_wconf 88' lang='grc' dir='ltr'><strong>βασιλείας</strong></span> <span class='ocrx_word' id='word_1_298' title='bbox 1297 4172 1357 4240; x_wconf 85' lang='grc' dir='ltr'><strong>μου</strong></span> 
     </span>
     <span class='ocr_line' id='line_1_32' title="bbox 92 4275 1357 4367; baseline 0.001 -26"><span class='ocrx_word' id='word_1_299' title='bbox 92 4285 170 4346; x_wconf 87' lang='grc' dir='ltr'><strong>κατά</strong></span> <span class='ocrx_word' id='word_1_300' title='bbox 203 4285 258 4347; x_wconf 87' lang='grc' dir='ltr'><strong>τόν</strong></span> <span class='ocrx_word' id='word_1_301' title='bbox 294 4279 440 4366; x_wconf 83' lang='grc' dir='ltr'><strong>ἀνωτέρω</strong></span> <span class='ocrx_word' id='word_1_302' title='bbox 475 4281 665 4367; x_wconf 79' lang='grc' dir='ltr'><strong>θηλωθέντα</strong></span> <span class='ocrx_word' id='word_1_303' title='bbox 699 4281 826 4366; x_wconf 87' lang='grc' dir='ltr'><strong>καιρόν,</strong></span> <span class='ocrx_word' id='word_1_304' title='bbox 863 4277 896 4343; x_wconf 86' lang='grc' dir='ltr'><strong>έν</strong></span> <span class='ocrx_word' id='word_1_305' title='bbox 931 4275 958 4366; x_wconf 76' lang='grc' dir='ltr'><strong>ιβ</strong></span> <span class='ocrx_word' id='word_1_306' title='bbox 991 4280 1046 4344; x_wconf 92' lang='grc' dir='ltr'><strong>καί</strong></span> <span class='ocrx_word' id='word_1_307' title='bbox 1073 4279 1108 4341; x_wconf 89' lang='grc' dir='ltr'><strong>τό</strong></span> <span class='ocrx_word' id='word_1_308' title='bbox 1140 4275 1357 4364; x_wconf 80' lang='grc' dir='ltr'><strong>ὃρκωμοτικύν</strong></span> 
     </span>
     <span class='ocr_line' id='line_1_33' title="bbox 95 4397 1357 4494; baseline 0.002 -30"><span class='ocrx_word' id='word_1_309' title='bbox 95 4397 189 4470; x_wconf 82' lang='grc' dir='ltr'><strong>αύτων</strong></span> <span class='ocrx_word' id='word_1_310' title='bbox 213 4405 376 4494; x_wconf 79' lang='grc' dir='ltr'><strong>ἰγγραρον</strong></span> <span class='ocrx_word' id='word_1_311' title='bbox 391 4406 651 4490; x_wconf 86' lang='grc' dir='ltr'><strong>κατιστρωμένον</strong></span> <span class='ocrx_word' id='word_1_312' title='bbox 675 4400 751 4481; x_wconf 81' lang='grc' dir='ltr'><strong>ἰστί,</strong></span> <span class='ocrx_word' id='word_1_313' title='bbox 775 4402 958 4489; x_wconf 82' lang='grc' dir='ltr'><strong>δηλούμενα</strong></span> <span class='ocrx_word' id='word_1_314' title='bbox 981 4405 1037 4467; x_wconf 85' lang='grc' dir='ltr'><strong>καί</strong></span> <span class='ocrx_word' id='word_1_315' title='bbox 1061 4400 1220 4490; x_wconf 79' lang='grc' dir='ltr'><strong>μηδέποτε</strong></span> <span class='ocrx_word' id='word_1_316' title='bbox 1241 4400 1357 4468; x_wconf 86' lang='grc' dir='ltr'><strong>ἄλλοτε</strong></span> 
     </span>
     <span class='ocr_line' id='line_1_34' title="bbox 92 4529 1357 4621; baseline -0.001 -28"><span class='ocrx_word' id='word_1_317' title='bbox 92 4535 171 4616; x_wconf 80' lang='grc' dir='ltr'><strong>παρὰ</strong></span> <span class='ocrx_word' id='word_1_318' title='bbox 202 4534 259 4621; x_wconf 84' lang='grc' dir='ltr'><strong>τήν</strong></span> <span class='ocrx_word' id='word_1_319' title='bbox 292 4533 460 4618; x_wconf 78' lang='grc' dir='ltr'><strong>περίληψιν</strong></span> <span class='ocrx_word' id='word_1_320' title='bbox 495 4538 550 4594; x_wconf 88' lang='grc' dir='ltr'><strong>τού</strong></span> <span class='ocrx_word' id='word_1_321' title='bbox 574 4531 718 4594; x_wconf 87' lang='grc' dir='ltr'><strong>τοιούτου</strong></span> <span class='ocrx_word' id='word_1_322' title='bbox 752 4529 991 4615; x_wconf 87' lang='grc' dir='ltr'><strong>χρυσοβούλλυυ</strong></span> <span class='ocrx_word' id='word_1_323' title='bbox 1020 4535 1077 4614; x_wconf 90' lang='grc' dir='ltr'><strong>τῆς</strong></span> <span class='ocrx_word' id='word_1_324' title='bbox 1106 4529 1272 4612; x_wconf 85' lang='grc' dir='ltr'><strong>βασιλείας</strong></span> <span class='ocrx_word' id='word_1_325' title='bbox 1296 4547 1357 4613; x_wconf 83' lang='grc' dir='ltr'><strong>μου</strong></span> 
     </span>
     <span class='ocr_line' id='line_1_35' title="bbox 93 4645 1356 4743; baseline -0.004 -23"><span class='ocrx_word' id='word_1_326' title='bbox 93 4651 217 4742; x_wconf 81' lang='grc' dir='ltr'><strong>ήπαρόι</strong></span> <span class='ocrx_word' id='word_1_327' title='bbox 246 4665 302 4722; x_wconf 87' lang='grc' dir='ltr'><strong>τού</strong></span> <span class='ocrx_word' id='word_1_328' title='bbox 332 4659 446 4743; x_wconf 85' lang='grc' dir='ltr'><strong>μέρους</strong></span> <span class='ocrx_word' id='word_1_329' title='bbox 473 4661 529 4740; x_wconf 87' lang='grc' dir='ltr'><strong>τῆς</strong></span> <span class='ocrx_word' id='word_1_330' title='bbox 558 4653 723 4738; x_wconf 88' lang='grc' dir='ltr'><strong>βασιλείας</strong></span> <span class='ocrx_word' id='word_1_331' title='bbox 752 4673 813 4736; x_wconf 88' lang='grc' dir='ltr'><strong>μου</strong></span> <span class='ocrx_word' id='word_1_332' title='bbox 836 4649 893 4716; x_wconf 85' lang='grc' dir='ltr'><strong>καὶ</strong></span> <span class='ocrx_word' id='word_1_333' title='bbox 916 4659 971 4737; x_wconf 88' lang='grc' dir='ltr'><strong>τῆς</strong></span> <span class='ocrx_word' id='word_1_334' title='bbox 995 4645 1174 4738; x_wconf 87' lang='grc' dir='ltr'><strong>Ῥωμανίας</strong></span> <span class='ocrx_word' id='word_1_335' title='bbox 1202 4653 1356 4732; x_wconf 77' lang='grc' dir='ltr'><strong>γενέσθαι</strong></span> 
     </span>
     <span class='ocr_line' id='line_1_36' title="bbox 95 4772 1357 4868; baseline 0.004 -27"><span class='ocrx_word' id='word_1_336' title='bbox 95 4772 140 4844; x_wconf 85' lang='grc' dir='ltr'><strong>ἰτί</strong></span> <span class='ocrx_word' id='word_1_337' title='bbox 160 4795 219 4860; x_wconf 79' lang='grc' dir='ltr'><strong>τοῖς</strong></span> <span class='ocrx_word' id='word_1_338' title='bbox 242 4778 424 4854; x_wconf 85' lang='grc' dir='ltr'><strong>Γινουίταις</strong></span> <span class='ocrx_word' id='word_1_339' title='bbox 447 4777 467 4868; x_wconf 85' lang='grc' dir='ltr'><strong>ή</strong></span> <span class='ocrx_word' id='word_1_340' title='bbox 490 4781 576 4866; x_wconf 83' lang='grc' dir='ltr'><strong>παρὰ</strong></span> <span class='ocrx_word' id='word_1_341' title='bbox 600 4787 661 4844; x_wconf 77' lang='grc' dir='ltr'><strong>τόν</strong></span> <span class='ocrx_word' id='word_1_342' title='bbox 684 4773 855 4842; x_wconf 81' lang='grc' dir='ltr'><strong>Γενουίτύν</strong></span> <span class='ocrx_word' id='word_1_343' title='bbox 878 4773 928 4840; x_wconf 87' lang='grc' dir='ltr'><strong>έπί</strong></span> <span class='ocrx_word' id='word_1_344' title='bbox 950 4774 994 4864; x_wconf 74' lang='grc' dir='ltr'><strong>τήν</strong></span> <span class='ocrx_word' id='word_1_345' title='bbox 1017 4781 1105 4864; x_wconf 78' lang='grc' dir='ltr'><strong>μόραι</strong></span> <span class='ocrx_word' id='word_1_346' title='bbox 1120 4785 1176 4865; x_wconf 86' lang='grc' dir='ltr'><strong>τῆς</strong></span> <span class='ocrx_word' id='word_1_347' title='bbox 1191 4777 1357 4864; x_wconf 79' lang='grc' dir='ltr'><strong>βασιλείας</strong></span> 
     </span>
    </p>
   </div>
   <div class='ocr_carea' id='block_1_6' title="bbox 0 0 1596 5264">
    <p class='ocr_par' dir='ltr' id='par_1_6' title="bbox 0 0 1596 5264">
     <span class='ocr_line' id='line_1_37' title="bbox 0 0 1596 5264; baseline 0 0"><span class='ocrx_word' id='word_1_348' title='bbox 0 0 1596 5264; x_wconf 95' lang='lat' dir='ltr'><strong> </strong></span> 
     </span>
    </p>
   </div>
  </div>
 </body>
</html>
