3132 5268
227 355 293 426 226

228 549 331 640 μουό
359 549 497 641 ἀδελφός
533 573 593 640 μου
620 549 638 618 ό
669 550 818 636 βασιλευς
851 553 906 618 διὰ
940 557 995 618 τοῦ
1026 549 1192 640 εἰρημένου
1226 554 1343 615 σεπτοό
1378 565 1498 635 χρυσο-

229 675 367 760 βοόλλου
390 671 500 766 Δαότυό
528 677 564 740 τό
595 676 807 764 ρλυριατικόν
830 681 885 739 τοῦ
909 670 1006 739 αὐτοῦ
1029 678 1186 762 κάστρου,
1220 670 1274 736 ἵνα
1309 669 1502 757 ἐπιλάβηται

228 799 285 863 καὶ
307 799 419 863 τούτου
446 801 528 888 μετὰ
556 798 610 885 τὴν
638 799 836 886 τοῦπατρὸς
867 791 964 862 αἰτοῦ
997 797 1158 885 [τελευτὴν
1188 798 1245 861 καί
1270 795 1419 881 νέμηπαι]
1442 793 1501 858 καί

229 923 345 1008 ταότην
373 922 428 1008 την
455 921 558 1000 δόσιν,
594 925 746 1008 καθάπερ
780 927 837 986 καί
864 923 921 995 τὰς
949 920 1051 996 ἄλλος
1078 923 1135 996 τὰς
1163 918 1230 986 ἐκεῖ
1253 911 1501 992 αόθεντικάς.ό

228 1049 265 1112 δὲ
286 1055 382 1133 ’κόρυς
408 1044 613 1132 Ἀνδρόνικος
636 1043 653 1111 ό
676 1045 833 1132 Γεμιστός
859 1049 986 1132 κατέχη
1015 1042 1132 1130 όμοίεος
1159 1047 1217 1111 καί
1238 1053 1292 1110 νόν
1314 1037 1372 1109 καί
1395 1041 1442 1117 εἰς
1465 1043 1502 1106 τό

230 1153 361 1258 ἑίηςτό
384 1172 454 1256 περί
476 1171 512 1234 τό
535 1167 696 1255 Καστρίον
720 1174 837 1256 χωρίον
859 1169 915 1255 τήν
937 1167 1055 1256 Βρόσιν
1079 1171 1159 1256 μετὰ
1186 1170 1294 1254 πάσης
1323 1173 1380 1254 τῆς
1402 1161 1503 1231 αἰτοδ

180 1269 183 1276 ’
230 1295 410 1378 νομῆςκαί
431 1299 600 1379 περιοχῆς,
635 1295 691 1358 καί
726 1290 813 1379 ἄρχη
837 1287 931 1366 οότυς
965 1286 1062 1356 αὐτοῦ
1091 1295 1149 1357 καί
1170 1289 1412 1379 κιραλατικεόη
1434 1287 1505 1372 ἰδία

231 1437 264 1482 τε
286 1419 344 1481 καί
366 1419 464 1502 χωρίς
488 1417 572 1500 [τοῦ]
604 1413 744 1481 ἀπὸτοῦ
767 1415 929 1502 Καστρίοο
952 1416 1198 1505 κιραλατεκίυυ,
1233 1417 1290 1482 καί
1318 1417 1406 1502 παρὰ
1436 1433 1503 1500 μη·

231 1523 326 1614 δενός.
344 1519 406 1606 τῶν
429 1537 575 1604 ἁπάντων
603 1537 648 1614 εἰς
671 1549 763 1606 τοῦτο
786 1539 1064 1628 διενοχλοόμενος,
1099 1543 1156 1605 καί
1178 1542 1314 1627 νίμηται
1340 1533 1419 1604 aava
1441 1557 1504 1602 κυ-

232 1645 305 1752 ρίως
328 1667 385 1728 καί
406 1663 614 1752 δεσποτικῶς,
637 1661 685 1727 έτι
706 1685 741 1727 τε
765 1659 984 1752 ἀναφαιρέτους
1009 1665 1066 1729 καί
1089 1660 1353 1740 ἀναποσπάστως,
1375 1659 1505 1747 λαμβά·

232 1805 292 1852 νων
314 1786 348 1864 'be
372 1783 469 1852 αδτοδ
496 1789 553 1852 καί
587 1789 643 1859 τάς
671 1789 824 1873 συνήθεις
851 1805 885 1852 τε
908 1790 965 1852 καί
992 1789 1189 1874 τεταγμένας
1214 1785 1323 1860 δόσεις
1350 1778 1504 1850 αἰθεντι·

232 1915 315 1990 κάς,
344 1911 460 1985 καθιθς
487 1911 719 1998 παρεδόθησαν
741 1933 775 1974 τε
802 1913 859 1975 καί
880 1909 1109 1996 παραδίδονται
1135 1911 1215 1996 πρός
1238 1904 1333 1975 αὐτόν
1357 1905 1506 1994 ἀποτρα-

232 2045 344 2126 ρικῶς·
371 2032 435 2101 κᾶν
462 2031 593 2121 αὔξησίς
620 2055 697 2100 ποτε
728 2032 773 2108 εἰς
796 2031 896 2108 αότάς
917 2029 1047 2122 ἡτισοῦν
1066 2015 1265 2121 εὑρίσκηται,
1289 2033 1346 2119 την
1368 2053 1402 2097 τε
1426 2025 1507 2117 ὁτέρ

233 2160 480 2248 κεραλατικίου
500 2159 650 2246 δηλονότι
686 2159 1014 2246 κσιταλοηιζομάνην,ι
1035 2162 1092 2224 καί
1124 2157 1181 2246 την
1215 2163 1270 2224 τοό
1305 2157 1509 2242 βιηλιατικοδ

233 2289 299 2356 καί·
312 2285 371 2358 τὰς
393 2285 495 2370 μόίας
519 2280 711 2370 ἀμφοτέρας,
735 2285 775 2347 τά
798 2304 833 2347 τε
855 2281 923 2348 έκεί
942 2279 1022 2348 όντα
1044 2279 1065 2370 ἦ
1089 2279 1228 2370 έσόμενα
1253 2279 1509 2368 ἰίαλειμματικόι

234 2415 370 2474 στασεία
405 2409 485 2492 μετὰ
503 2409 576 2470 Ικαί
596 2407 659 2493 τῆς
686 2407 1014 2493 πρυτυερηετηθείσης
1038 2401 1135 2492 ,αὐτῷ
1160 2415 1220 2493 τῆς
1252 2407 1339 2492 παρὰ
1366 2411 1423 2470 τοῦ
1450 2397 1509 2469 αἰ-

236 2531 353 2598 θίντου
377 2549 439 2616 μου
460 2536 517 2594 τοῦ
542 2525 683 2618 οἰδελροό
712 2551 772 2616 μου
800 2537 855 2594 τοό
879 2530 1052 2615 βασιλέως,
1087 2537 1144 2617 τῆς
1171 2527 1234 2596 ἀπό
1262 2535 1318 2617 τῆς
1347 2531 1510 2616 μητροπό-

234 2651 321 2727 λεως.
335 2629 454 2740 Ιτρόιειρ
476 2649 680 2740 ἀνταλλαηης
702 2653 938 2742 περιελθούσης
961 2653 1003 2740 τῷ
1031 2653 1177 2742 δημουίιρ
1200 2651 1258 2720 καὶ
1280 2650 1389 2728 ἁπλῶς
1411 2651 1510 2720 εἰπεῖν

231 2779 340 2853 πάσας
362 2798 396 2842 τε
418 2778 475 2844 καί
496 2780 648 2852 παντοίας
674 2777 783 2851 δόσεις
806 2774 1010 2852 αἰθεντικάς.
1040 2775 1108 2844 ἰπεί
1134 2777 1354 2865 προσέθηκεν,
1388 2774 1433 2852 ὧς
1462 2775 1509 2843 εἵ-

233 2908 337 2992 ρηται,
360 2903 417 2966 καί
441 2897 458 2965 ό
483 2896 643 2988 αὐθέντης
667 2921 728 2988 μου
751 2898 768 2967 ό
793 2899 932 2990 ἀδελφός
955 2923 1016 2990 μου
1040 2897 1057 2967 ό
1081 2901 1232 2988 βασιλεὺς
1254 2902 1308 2968 διὰ
1335 2909 1391 2968 τοό
1415 2901 1507 2990 εἰρη-

233 3029 329 3114 μένου
364 3029 480 3090 σεπτοό
517 3025 756 3111 χρυσοβοόλλου
787 3022 885 3091 αὐτοῦ
912 3027 949 3092 τό
972 3026 1188 3115 ιρλωριατικόν
1223 3033 1278 3092 τοῦ
1309 3021 1408 3092 αὐτοῦ
1435 3047 1507 3114 χω-

232 3153 326 3238 ρίου,Ι
348 3145 403 3214 ἰ’νσι
416 3145 617 3234 -ἰπιλάβηται
639 3149 696 3213 καί
726 3149 838 3214 τούτου
861 3145 879 3214 ό
903 3152 1047 3222 τοιοῦτος
1068 3157 1158 3237 κόρος
1179 3148 1383 3236 Ἀνδρόνικος
1405 3147 1507 3237 Γεμι-

235 3274 309 3346 υτός
324 3275 426 3358 μετὰ
454 3271 509 3358 την
536 3279 592 3336 τοῦ
618 3273 738 3357 πατρὸς
762 3269 859 3337 αἰτοῦ
883 3243 1044 3360 τελευτὴν,
1075 3277 1132 3339 καί
1154 3277 1289 3362 νέμηται
1311 3273 1367 3339 καί
1389 3276 1509 3361 ταύτην

233 3397 290 3482 την
316 3395 420 3474 δόσιν,
455 3395 607 3480 καθάπερ
635 3393 692 3460 καὶ
719 3397 776 3471 τὰς
803 3393 905 3470 ἄλλος
934 3399 992 3472 τὰς
1020 3397 1087 3462 ἐκεί
1111 3393 1316 3472 αόθεντικάς.
1342 3369 1433 3463 οἰλλίι1
1452 3399 1509 3464 καί

235 3519 292 3587 ἰόν
322 3523 399 3586 ποτέ
429 3539 475 3594 τις
498 3519 589 3608 ’τεθῇ
613 3517 646 3585 έν
669 3519 713 3607 τῷ
733 3521 882 3586 καθόλου
906 3524 990 3607 τόπιρ
1017 3525 1188 3608 καινοτέρα
1208 3521 1315 3600 δόσις,
1350 3521 1411 3588 εἴτε
1436 3519 1509 3588 κατ’

218 3642 425 3732 ’ἰναλλαηηνι
445 3653 504 3709 τῶν
533 3652 585 3710 νόν
613 3647 762 3733 συνήθως
785 3645 972 3732 διδομένων,
1008 3639 1069 3711 εἴτε
1097 3649 1182 3711 κατὰ
1201 3647 1401 3734 Ιπροοθηκην
1428 3649 1509 3726 τινά,

235 3767 387 3858 διηνεκὴς
409 3773 465 3836 καί
490 3765 527 3835 οό
550 3773 762 3858 πρόσκαιρος,
795 3769 849 3837 ἵνα
872 3771 1060 3858 λαμβάνωσι
1087 3775 1143 3837 καί
1178 3773 1294 3859 ταότην
1328 3767 1417 3836 οὗτοι
1449 3771 1511 3859 ἆμ-

235 3897 377 3987 ρότερυι,
406 3893 423 3963 ό
449 3899 505 3984 μὲν
528 3907 584 3963 τοῦ
608 3895 788 3983 Φαναρίου,
822 3893 898 3962 όδέ
923 3905 978 3984 τῆς
1000 3895 1162 3983 Βρόσεως,
1193 3899 1251 3962 καί
1273 3899 1431 3982 νέμωνται
1455 3900 1511 4000 καί

236 4021 370 4100 ταυτας,-
403 4019 556 4105 καθάπερ
587 4023 643 4084 καί
674 4021 730 4092 τὰς
761 4017 863 4093 ἄλλος
887 4017 1016 4093 ἁπάσας
1038 4019 1156 4095 δόσεις.
1181 4031 1219 4109 τη
1243 4029 1319 4100 γοῦν
1340 4019 1432 4108 ἰσχόι
1455 4023 1511 4086 καὶ

235 4143 368 4229 δυνάμει
403 4151 459 4208 τοῦ
493 4145 648 4229 παρόντος
683 4141 941 4230 ἆρηυροβοόλλου
979 4141 1116 4231 όμισμοό
1155 4155 1212 4233 τῆς
1245 4143 1413 4230 βασιλείας
1451 4165 1511 4233 μου

236 4241 430 4343 κάθέεουσιν
461 4262 615 4351 έκοίτερος
645 4275 705 4331 τῶν
729 4263 901 4354 εἰρημένων
923 4263 1098 4354 Γεμιστιυν,
1134 4265 1151 4334 ό
1181 4271 1238 4355 μὲν
1264 4271 1300 4334 τό
1330 4267 1510 4356 Φανάριον,

180 4407 184 4416 ·
237 4387 314 4454 θδέ
343 4389 399 4475 τήν
426 4371 556 4476 Βρόσιν,
591 4387 809 4474 λαμβάνοντες
844 4389 878 4467 λε
909 4387 1011 4455 αότιδν
1045 4393 1101 4456 καί
1128 4395 1186 4466 τὰς
1221 4390 1513 4479 ἀναγεγραμμένας

238 4509 367 4586 ἁπάσας
394 4513 501 4589 δόσεις
529 4511 576 4604 ἐρ’
601 4509 671 4601 όριμ
687 4524 744 4602 τῆς
767 4513 887 4582 έαυτιυν
912 4519 1010 4602 ἰωῆς,
1046 4513 1250 4591 ἀποδιδόντες
1272 4521 1330 4582 καὶ
1352 4517 1408 4605 τήν
1435 4515 1512 4605 ἆνή·

237 4653 358 4701 κυυααν
382 4632 457 4724 όπέρ
481 4639 597 4704 τούτων
621 4639 778 4717 δουλείαν,
802 4640 973 4725 δεχόμενοί
997 4663 1030 4704 τε
1053 4644 1160 4716 πάσας
1184 4645 1240 4716 τὰς
1264 4641 1433 4729 εἰρημένας
1458 4643 1516 4706 δό-

237 4781 304 4835 σεις
328 4759 373 4837 εἰς
398 4761 556 4849 προσόδια
583 4768 639 4828 καί
668 4761 854 4848 οἰκονομίας
883 4757 999 4844 αὐτῶν,
1029 4763 1104 4830 ἄνευ
1133 4775 1188 4853 τῆς
1215 4763 1345 4834 οἱασοῦν
1370 4765 1512 4858 ἀραιρέ·
