3148 5268
240 337 308 408 136Δ

237 527 362 614 Χριστῷ
383 530 427 616 τῷ
452 531 519 614 θεῷ
551 531 660 604 πιστὸς
696 529 845 612 βασιλεύς
867 527 1030 616 Ῥωμαίων
1053 533 1109 594 ιταί
1133 525 1350 613 αὐτοκράτωρ,
1386 522 1504 590 ὁΠα-

238 653 421 733 λαιυλύγος,
445 649 521 738 ὑπὲρ
538 651 675 738 ἐμαυτοῦ
699 657 755 716 παὶ
778 662 834 739 τῆς
858 653 1022 738 βασιλείας
1045 649 1145 739 ἡμῶν,
1170 651 1216 716 ἔτι
1239 673 1272 716 τε
1294 659 1355 714 τῶν
1376 650 1504 735 πληρο-

236 779 339 863 νύμων
359 781 416 842 καὶ
432 777 592 864 διαδόχων
615 773 714 864 ἡμῶν,
738 775 855 862 ὁμοίως
878 778 913 841 δὲ
936 781 993 842 παί
1016 774 1033 842 ύ
1058 777 1223 864 εἰρημένος
1247 773 1504 863 ἀποκρισιύριος,

238 901 384 975 σύνδικος
411 905 467 965 ιιαί
495 899 658 987 ἐπίτροπος
686 899 819 987 ἰνύματι
845 905 901 968 τιαί
927 903 1042 986 ῦιιιαίιρ
1071 911 1125 966 τοῦ
1147 904 1374 987 προειρημένου
1400 909 1505 984 πυροῦ

237 1026 352 1098 ῦουιιύς
375 1027 430 1088 ιταί
453 1034 508 1090 τοῦ
535 1029 725 1110 πουμουνίου
747 1023 896 1098 Βενετίας
925 1019 1000 1110 ύπὲρ
1027 1023 1151 1122 εἰρήνης
1179 1027 1235 1088 οιαὶ
1263 1021 1389 1110 ἀγάπης
1416 1021 1504 1088 ἑνια-

238 1150 377 1234 τερωθτν
404 1145 594 1236 ὀφειλούσης
621 1150 801 1236 τηρηθῆναι
824 1153 880 1212 ιιαί
902 1149 1010 1236 φιλίας
1032 1145 1082 1212 ἐπὶ
1104 1149 1139 1212 τύ
1162 1157 1303 1234 πρεῐετον
1333 1141 1501 1233 αῦξηνθῆ-

236 1289 299 1350 ναι,
324 1268 590 1358 ἐπικαλεσάμενοι
614 1273 650 1336 τῦ
673 1268 776 1358 ὄνομα
799 1275 834 1336 τῦ
858 1269 933 1357 ύπίρ
956 1279 1017 1337 πᾶν
1048 1267 1150 1358 ὄνομα
1172 1280 1227 1336 τοῦ
1250 1269 1397 1358 Χριστοῦ,
1424 1292 1504 1336 συν-

237 1395 395 1482 ήλθομεν,
438 1393 491 1460 ἵνα
534 1393 596 1460 αἰπύ
639 1405 695 1482 τῆς
731 1397 894 1482 παρούσης
930 1391 1052 1482 ἡμέρας
1089 1399 1146 1460 ιιαί
1184 1395 1367 1482 ἔμπροσθεν
1405 1400 1506 1480 μέχρι

236 1523 327 1585 πέντε
350 1516 427 1583 ἐτῶν
450 1529 509 1582 τῶν
534 1517 646 1607 ἐφεξῆς
671 1516 958 1605 ἀπολουθησύντων
969 1520 1164 1605 διαμένωσιν
1188 1519 1223 1584 ὲν
1244 1517 1335 1606 ἰσχύι
1357 1522 1413 1582 ιιαί
1437 1516 1505 1583 ἀντ·-

237 1655 282 1730 μη
303 1645 412 1729 τρέβαι
435 1642 594 1730 εἰλικρινεῖ
616 1639 750 1728 ύμονοίο,
773 1642 959 1730 θφείλοοσαι
981 1644 1119 1730 διαρκεῖν
1144 1642 1259 1728 μεταξύ
1281 1638 1370 1730 ἡμῶν
1394 1662 1429 1706 τε
1445 1646 1505 1706 παί

237 1776 292 1854 της
316 1767 480 1851 βασιλείας
507 1761 595 1854 ἡμῶν
619 1770 675 1831 καὶ
698 1773 753 1831 τοῦ
776 1763 929 1854 ημετέρου
958 1767 1054 1846 λαοῦ,
1084 1765 1131 1831 ἔτι
1154 1787 1186 1830 τε
1210 1775 1270 1832 τῶν
1293 1766 1505 1852 κληρονόμων

237 1895 293 1956 καί
316 1889 476 1977 διαδόχων
504 1886 609 1978 ἡμῶν,
638 1887 754 1976 ὁμοίως
777 1890 813 1955 δὲ
836 1895 892 1954 παι
915 1899 970 1955 τοῦ
995 1889 1161 1977 εἰρημίνυυ
1183 1897 1281 1976 τυροῦ
1304 1891 1421 1964 θουτιύς
1445 1894 1506 1954 οιαὶ

236 2027 291 2082 τοῦ
319 2019 509 2103 πουμουνίυυ
535 2015 686 2089 Βενετίας
715 2019 811 2102 μέχρι
838 2023 893 2080 τοῦ
922 2014 1087 2103 εἰρημένου
1115 2026 1175 2081 τῶν
1201 2020 1293 2081 πέντε
1321 2013 1398 2080 ἑτῶν
1425 2011 1505 2102 ὅρου

234 2139 292 2208 τισὶ
318 2145 441 2208 πάντων
476 2151 536 2205 τῶν
573 2135 832 2226 ὑποτεταγμένων
854 2135 953 2226 αύτῷ,
990 2144 1188 2226 στηρίζοντος
1212 2142 1268 2205 ποιί
1298 2141 1505 2225 βεβαιοῦντες

233 2269 341 2338 πασας
368 2268 424 2338 τὰς
453 2265 565 2350 ιρύβας
601 2266 682 2350 μετὰ
715 2267 839 2330 πάντων
862 2273 924 2328 τῶν
957 2264 1138 2352 πεφαλαίων
1172 2268 1228 2329 παὶ
1263 2273 1323 2329 τῶν
1348 2263 1505 2350 πράξεων,

238 2389 474 2474 στοιχημοίτων,
514 2397 714 2476 συμφωνιῶν,
753 2384 948 2474 ἐξηγήσεων,
984 2385 1172 2466 ἐξετάσεων,
1209 2387 1408 2472 βεβαιῶστων
1443 2384 1506 2452 οιαὶ

237 2515 367 2598 ζημιῶν,
392 2508 567 2576 ἐπιθέσεων
594 2515 651 2576 καί
677 2513 801 2576 πάντων
824 2521 884 2576 τῶν
908 2509 1013 2576 ἄλλων
1036 2522 1096 2576 τῶν
1118 2513 1352 2600 περιεχομύνων
1376 2509 1408 2576 ἰν
1433 2523 1506 2586 ταῖς

236 2637 472 2722 παρελθούσαις
499 2637 639 2722 τρέβαις,
668 2636 783 2709 παθύς
806 2639 901 2722 μεχρι
928 2644 983 2700 τοῦ
1018 2645 1071 2700 νῦν
1098 2634 1166 2701 ἐστι
1196 2637 1349 2724 σύνηθες,
1372 2639 1430 2702 τιαί
1454 2637 1506 2702 ἔτι

237 2769 397 2848 σαφηνιῶν
424 2759 482 2825 καί
510 2755 591 2844 ὅρων
620 2769 680 2823 τῶν
703 2756 737 2825 ἰν
761 2755 871 2832 αὐτοῖς
899 2765 1142 2846 γεγραμμύνον,
1168 2757 1216 2826 ὅτι
1239 2758 1268 2826 εἰ
1289 2764 1346 2826 οιαὶ
1368 2758 1386 2827 ύ
1408 2769 1505 2848 πῦρις

235 2884 311 2961 θούξ
337 2888 393 2949 τιαί
415 2887 451 2950 τό
479 2885 667 2970 πουμούνιον
691 2881 841 2956 Βενετίας
876 2881 938 2950 ἀπὸ
966 2892 1021 2948 τοῦ
1049 2887 1145 2950 τύπου
1172 2893 1232 2951 τῶν
1265 2885 1409 2952 παλαιῶν
1445 2889 1506 2951 ιιαί

227 3019 296 3074 ’τῶν
323 3013 400 3074 νύων
429 3009 546 3094 τρεβῶν
574 3005 687 3093 ἔχουσι
713 3015 871 3093 φανερῶς,
899 3003 980 3072 ῶστε
1008 3003 1121 3082 ἐξεῖναι
1152 3019 1216 3081 τοῖς
1244 3003 1346 3074 αὐτῶν
1369 3007 1503 3074 Reme-

236 3129 487 3208 ποις’““ύνεῖσθαι
515 3128 692 3217 ἰλευθίρως
719 3129 836 3210 οἰπίας,
865 3133 993 3208 τύπους,
1021 3131 1198 3218 αεριβύλια,
1227 3135 1377 3219 πτηματα
1403 3130 1437 3196 ἰν
1461 3144 1504 3219 τη

235 3257 567 3325 Κωνσταντινουπύλει
594 3260 650 3321 ταὶ
678 3253 711 3320 ἰν
738 3258 826 3342 πάση
854 3267 893 3342 τη
922 3256 1069 3340 βασιλεία
1095 3252 1198 3342 ἡμῶν,
1233 3252 1318 3343 ὅμως
1341 3255 1372 3321 οἱ
1393 3277 1505 3342 προει-

237 3388 383 3471 ρημύνοι,
407 3377 426 3447 ὅ
450 3403 483 3448 τε
507 3391 595 3467 πῦρις
623 3381 697 3457 ῦυύξ
723 3385 779 3445 ποιί
807 3381 842 3448 τύ
866 3383 1054 3466 νιυυμυύνιυν
1087 3381 1236 3458 Βενετίας
1269 3391 1503 3457 κατανοοῦντες

237 3511 294 3597 τὴν
320 3515 483 3594 παροῦσαν
509 3510 706 3574 κατάστασιν
734 3516 789 3594 τῆς
815 3507 980 3590 βασιλείας
1002 3503 1105 3594 ἡμῶν,
1132 3505 1185 3573 ἵνα
1208 3517 1329 3594 γνῶμεν
1352 3509 1407 3596 την
1430 3515 1504 3596 περὶ

234 3631 322 3720 ἡμᾶς
344 3628 447 3697 αῦτῦν
466 3632 569 3718 ταλήν
584 3632 732 3697 ῦιοίθεσιν
748 3627 824 3716 ύπὲρ
847 3639 902 3716 τῆς
924 3625 1080 3716 ἡμετερας
1104 3636 1337 3721 ουντηρηοιως,
1359 3637 1502 3721 προνοή-

236 3777 332 3823 σαντο
356 3752 420 3842 &aqi
441 3775 499 3821 τινι
521 3759 708 3841 ιιουρτεσίας
731 3759 787 3819 παὶ
815 3751 942 3842 ἀγάπης
971 3751 1086 3840 ἀρίααι
1107 3751 1180 3842 ἡμῶν
1203 3760 1288 3822 πατὰ
1311 3765 1421 3822 τοῦτον
1445 3760 1502 3824 τὸν

225 3884 366 3967 τρύπον,
394 3875 476 3945 ὅστε
499 3877 542 3966 μή
568 3877 802 3964 ἐλαττουμένων
826 3878 880 3943 διὰ
902 3887 993 3944 τοῦτο
1017 3889 1078 3943 τῶν
1102 3876 1290 3966 ἰλιυθεριῶν
1312 3891 1436 3960 πασῶν,
1461 3883 1502 3956 ἃς

235 4007 349 4094 ἔχουσι
375 4009 432 4069 νιαί
460 4001 639 4092 ύφτίλουσιν
674 4002 762 4089 ἔχειν
789 4000 820 4066 οἰ
845 3999 1008 4068 Βτνύτιτιοι
1035 4001 1090 4068 διὰ
1117 4013 1176 4068 τῶν
1199 4006 1330 4090 τρεβῶν,
1362 4006 1501 4071 πωλύειν

236 4132 309 4205 τούς
330 4125 431 4194 αἰτῶν
447 4127 636 4202 Βενετῑτιυυς
659 4124 828 4212 ἀγοράζειν
851 4121 997 4214 ύσπητια,
1021 4131 1143 4206 τύπους,
1166 4129 1332 4214 περιβύλια
1354 4131 1410 4194 ααί
1433 4149 1499 4194 ιτα-

236 4255 425 4340 ταστήμοτα
445 4255 540 4340 μέχρι
563 4261 620 4339 τῆς
643 4251 896 4338 συμπληρύσειις
919 4261 975 4316 τοῦ
999 4247 1074 4338 ὅρου
1097 4261 1157 4316 τῶν
1179 4261 1346 4337 παρουσῶν
1367 4255 1500 4339 τρτβῶν,

234 4379 317 4464 πλὴν
344 4375 598 4463 ἒναπομενόντιιν
626 4375 660 4444 ἰν
686 4387 754 4449 ταῖς
781 4378 890 4463 χερσὶν
914 4385 975 4442 τῶν
995 4373 1172 4442 Βενετίτιων
1195 4387 1255 4441 τῶν
1277 4386 1331 4442 νῦν
1353 4399 1498 4464 κατεχο-

236 4505 336 4588 μένων
360 4499 408 4568 ὑπ’
433 4499 535 4570 αὐτῶν
559 4505 784 4589 μεταστάντων
808 4510 869 4566 τῶν
890 4501 1021 4564 δικαίων
1036 4501 1092 4563 παὶ
1116 4510 1175 4566 τῶν
1199 4504 1327 4587 τρύπων,
1353 4496 1430 4589 μεθ’
1454 4499 1509 4568 ὧν·

236 4631 399 4714 τατύχωσι
421 4631 521 4692 ταῦτα
542 4629 629 4693 πατὰ
651 4629 688 4691 τύ
709 4627 820 4712 παρύν.
845 4625 941 4710 δηλον
964 4623 1000 4686 δὲ
1023 4620 1117 4702 ἐστιν,
1141 4621 1184 4696 ὣς
1206 4625 1234 4692 ιί
1257 4623 1314 4692 καὶ
1334 4627 1409 4692 λίαν
1432 4625 1501 4694 ἰστί

238 4751 336 4841 σαφὲς
362 4751 417 4819 διὰ
448 4759 510 4820 τῶν
543 4753 659 4838 τρεβῶν
687 4753 743 4816 νιαί
769 4745 807 4815 ού
837 4749 885 4814 δεῖ
914 4745 1109 4823 ἰπιπλείονυς
1131 4746 1324 4838 ἐξηγήσεως,
1361 4747 1414 4817 ὅτι
1443 4752 1500 4820 διὰ
