3182 5264
224 375 266 436 42

219 565 367 650 βασιλεία
391 587 452 650 μου
475 565 642 652 τιβκαιρῲ
664 571 718 629 καί
742 579 806 639 τοῖς
828 569 993 652 πράγμασι
1017 565 1183 632 ἐνδιδοῦσα
1206 571 1311 651 μέσως
1331 577 1502 652 χωρεῖται,

219 703 284 764 τοῖς
311 713 343 753 τε
379 689 763 764 Κωνσταντινυυπολίταις
798 694 851 756 τόν
886 693 1024 776 θόρυβον
1052 692 1317 756 καταστίλλουσα
1345 694 1404 756 καί
1433 703 1503 760 τοῖς

219 813 243 878 Γ
246 811 400 886 ενουΐταις
428 816 463 876 τό
491 811 635 901 ἀσφαλὲς
666 813 715 878 ἐπί
742 826 806 886 τοῖς
834 818 1015 899 πράγμασιν
1039 810 1141 880 αὐτῶν
1167 821 1416 900 περιποιουμένη
1442 818 1504 878 καί

220 943 274 1026 τήν
298 942 560 1024 προκυριεθεῖσαν
589 946 770 1027 συμφωνίαν
800 951 855 1026 της
879 941 1044 1024 βασιλείας
1069 961 1129 1024 μου
1152 943 1208 1003 καὶ
1231 949 1287 1026 τῆς
1311 938 1501 1024 Ῥωμανίας

219 1069 274 1130 καί
303 1073 358 1128 τυό
387 1067 528 1149 κάστρου
555 1069 612 1128 καί
640 1073 694 1150 της
722 1067 832 1149 χώρας
858 1063 998 1136 Γενοόας
1026 1065 1069 1149 μή
1094 1061 1305 1150 ἀκυρωθῆναι
1330 1064 1502 1128 διοικονο·

220 1197 326 1274 μοόσα
359 1192 415 1252 καί
449 1189 489 1273 δή
526 1189 599 1261 τούς
632 1185 799 1261 Γενουΐτας
835 1186 996 1272 ἐγκρατεῖς
1032 1186 1110 1250 εἶναι
1143 1185 1259 1274 ἀφεῖσα
1287 1198 1348 1250 τῶν
1375 1188 1503 1252 λοιπῶν

219 1315 412 1396 πραγμάτων
436 1307 553 1390 αὐτῶν,
584 1311 761 1397 ἀπόμοιραν
787 1310 819 1386 ἐξ
843 1305 945 1376 αύτῶν
968 1313 1124 1399 λαμβάνει
1148 1308 1208 1376 ύπό
1232 1309 1404 1396 ἐγγυηταῖς
1430 1323 1502 1385 τοῖς

219 1434 290 1522 παρ’
320 1434 422 1502 αύτῶν
450 1437 576 1500 δοθεῖσι
604 1441 661 1500 καί
690 1434 732 1509 ύις
755 1437 1037 1522 παρακαταθήκην
1061 1437 1116 1521 τήν
1140 1437 1287 1521 τοιαύτην
1312 1433 1501 1522 ἀπόμοιραν

221 1565 371 1646 κατέχειν
399 1558 471 1646 παρ’
502 1556 599 1646 αύτής
628 1558 816 1639 ἐκλεγεῖσιν,
846 1559 890 1632 είς
914 1560 1065 1644 χιλιάδας
1090 1555 1282 1644 ὑπερπύρους
1306 1559 1411 1624 εἴκοσι
1435 1581 1504 1624 πο-

222 1690 389 1772 σουμὲνην,
415 1685 464 1749 ἐπί
493 1685 613 1770 αἱρέσει
633 1687 780 1769 τοιαύτη,
808 1681 851 1758 ῶς
875 1683 902 1746 τὶ
926 1688 982 1768 μέν
1007 1683 1128 1768 εἴδησιν
1152 1684 1307 1766 λαβόντες
1331 1693 1387 1748 τοῦ
1412 1707 1503 1769 σομ-

222 1813 337 1894 βάντος
373 1809 403 1873 οἱ
438 1809 563 1874 ἔποικοι
597 1819 652 1873 τοῦ
687 1812 827 1895 κάστρου
861 1807 885 1874 Γ
889 1811 1001 1880 ενούας
1030 1809 1074 1882 εὶς
1108 1807 1273 1895 ἐκδίκησιν
1301 1810 1504 1894 διεγερθεῖεν

220 1943 276 1998 τοό
299 1937 496 2019 πράγματος,
521 1931 766 2019 ἀποδοθήσεται
789 1935 911 2006 τούτοις
939 1929 958 2018 ἡ
987 1935 1233 2019 κατασχιύεῖσα
1261 1931 1440 2019 ἀπόμοιρα,
1472 1935 1505 1998 εί

222 2060 258 2122 δέ
282 2057 408 2143 ἀμελῶς
430 2060 501 2142 περί
524 2059 639 2142 ταύτην
663 2059 851 2134 διατεόεῖεν,
877 2056 1006 2122 ἔσονται
1030 2055 1230 2122 αἱτοιαῦται
1254 2056 1358 2122 εἴκοσι
1381 2059 1502 2143 χιλιά-

221 2188 276 2257 δες
312 2179 480 2268 ύπέρπυροι
513 2187 600 2268 παρὰ
634 2195 698 2256 τοῖς
732 2181 901 2268 Ῥωμαίοις
936 2182 980 2254 είς
1018 2181 1167 2248 ἱκάνωσιν
1202 2193 1262 2246 τῶν
1300 2187 1505 2270 πραγμάτων

222 2303 336 2371 αότῶν.
361 2305 574 2392 οἰκονομεῖται
609 2315 709 2371 ταῦτα
731 2310 820 2390 παρὰ
848 2317 902 2392 τῆς
932 2307 1096 2389 βασιλείας
1125 2327 1200 2391 μου,
1228 2311 1285 2370 καί
1308 2303 1326 2372 ό
1353 2309 1506 2391 θόρυβος

223 2431 486 2508 καταστέλλεται,
510 2435 566 2494 καί
590 2430 620 2495 οἱ
642 2429 666 2496 Γ
669 2428 805 2496 ενουΐται
829 2442 867 2517 τή
890 2429 1115 2508 Μεγαλοπόλει
1132 2427 1311 2516 ἐλευθέρως
1327 2435 1383 2494 καί
1400 2428 1507 2506 αὖθις

224 2555 472 2639 ἐνδιατρίβουσι,
501 2566 564 2627 τοῖς
588 2554 868 2640 ἀποκληρωόεῐσιν
892 2550 997 2626 αὐτοῖς
1026 2553 1058 2619 ἐν
1082 2565 1121 2640 τη
1151 2553 1380 2632 Μεγαλοπόλει
1407 2557 1504 2620 διαι-

223 2682 359 2764 τήμασιν
384 2677 502 2753 ιἰνέτιος
525 2683 696 2764 χρεόμενοι.
722 2680 845 2744 στέλλει
868 2679 904 2742 δέ
927 2675 947 2764 ή
973 2679 1121 2761 βασιλεία
1149 2699 1210 2762 μου
1239 2677 1408 2764 ἄνθρωπον
1439 2676 1505 2744 αύ-

223 2812 279 2889 τής
309 2805 388 2888 μετὰ
415 2807 472 2867 καί
499 2807 693 2888 γραμμάτιον
721 2803 777 2868 σόν
801 2801 845 2866 ἑνί
869 2813 929 2866 τῶν
953 2801 985 2866 ἐν
1010 2813 1047 2887 τῇ
1071 2799 1295 2880 Μεγαλοπόλει
1324 2802 1507 2869 Γενουῑτῶν

224 2928 273 3000 εἰς
295 2931 330 2993 τό
354 2931 493 3014 κάστρον
517 2930 572 3014 τήν
595 2927 734 2994 Γένοοαν
757 2932 797 2992 τὰ
821 2929 984 3012 συμβάντα
1014 2925 1284 3006 ἀναδιδάσκοντα,
1314 2928 1344 2992 υἱ
1371 2929 1406 2992 δὲ
1436 2928 1464 2994 Γ
1468 2955 1507 2994 ε-

222 3050 342 3117 νυυΐται
370 3057 409 3118 τὰ
434 3063 488 3140 τῆς
518 3054 683 3136 βασιλείας
712 3075 772 3137 μου
796 3052 963 3136 δεξάμενοι
987 3055 1175 3136 γράμματα,
1199 3049 1242 3123 ῶς
1270 3062 1434 3138 προσῆκον
1461 3052 1507 3141 ήν

224 3191 362 3252 συνετοῖς
387 3183 443 3242 καί
465 3178 628 3266 φρονίμοις
659 3176 841 3263 ἀνθρῶπόις
871 3181 928 3242 καί
953 3189 1073 3248 πιστοῖς
1101 3189 1140 3262 τῇ
1165 3178 1314 3261 βασιλεία
1338 3201 1399 3263 μου
1428 3181 1506 3244 διε-

223 3304 382 3388 τέθησαν,
418 3306 473 3366 καί
495 3303 598 3388 πολλή
636 3306 691 3387 μὲν
726 3297 875 3387 αύτοῖςή
904 3310 958 3366 τοῦ
981 3305 1168 3386 πράγματος
1202 3305 1326 3389 φροντὶς
1363 3307 1503 3384 γίνεται.

225 3428 392 3492 στέλλουσι
415 3427 451 3490 δὲ
475 3425 532 3492 καὶ
556 3425 816 3512 ἀποκρισιαρῖους
831 3428 908 3512 πρός
932 3427 986 3510 τήν
1011 3428 1175 3509 βασιλείαν
1201 3449 1261 3512 μου
1284 3434 1355 3513 περὶ
1378 3433 1506 3496 τούτων

223 3553 513 3636 διαπρεσβεόοντες,
537 3555 590 3616 τόν
614 3575 647 3615 τε
673 3555 862 3616 πιστότατον
890 3551 989 3625 λίζιον
1018 3547 1115 3637 αὐτῆς
1141 3551 1336 3618 Βαλδουῖνον
1360 3553 1505 3640 Γέρτζον

224 3673 281 3738 καὶ
304 3677 357 3738 τόν
391 3674 485 3740 Γίδον
520 3675 705 3757 Σπίνουλον,
742 3677 773 3740 οἳ
800 3679 855 3740 καὶ
883 3676 1121 3758 καταλαβόντες
1147 3679 1224 3761 πρός
1248 3679 1303 3763 τήν
1329 3680 1506 3761 βασιλείαν

225 3821 285 3885 μου
308 3804 364 3864 καί
386 3802 588 3886 πολυτρόπως
612 3796 709 3886 αύτήν
732 3800 1034 3889 πληροφυρήσαντες
1058 3803 1093 3864 τό
1116 3811 1177 3864 τῶν
1200 3805 1236 3866 τό
1260 3801 1379 3868 ἄτοπον
1402 3815 1504 3870 τοῦτο

224 3923 317 4009 ἔργον
340 3930 563 4012 ποιησαμένων
585 3925 756 3991 Γενουϊτῶν
786 3925 965 4012 ἀπόβλητον
988 3929 1046 3990 καὶ
1068 3923 1336 4014 ἐκδεδιῃτημένον
1358 3933 1416 3993 καὶ
1441 3933 1504 4018 τήν

223 4050 277 4114 διὰ
302 4060 400 4116 ταότα
423 4051 521 4118 πολύν
545 4049 608 4137 ήδη
630 4054 747 4137 χρόνον
771 4059 826 4136 τῆς
848 4049 986 4123 Γενούας
1014 4047 1165 4114 ἀποικίαν
1192 4056 1249 4115 καί
1273 4055 1326 4117 τόν
1351 4052 1416 4118 ἀπό
1442 4068 1505 4122 τοῦ

224 4177 364 4260 κάστροο
382 4172 484 4240 αότῶν
510 4174 635 4240 ἔνδικον
651 4177 805 4260 διωγμόν,
829 4179 885 4240 καὶ
908 4172 951 4248 ός
975 4169 1125 4239 οόδέποτε
1149 4175 1298 4262 λήξουσιν
1323 4175 1502 4268 ἀναψηλα-

224 4309 341 4387 φῶντες
363 4295 492 4377 αὐτούς,
516 4303 628 4386 μέχρις
653 4297 690 4364 ἂν
718 4303 938 4387 κατασχόντες
962 4301 1090 4371 τούτους
1113 4311 1180 4372 ταῖς
1203 4305 1295 4386 χερσὶ
1318 4311 1375 4389 τῆς
1400 4306 1503 4387 βασι·

223 4425 311 4496 λείας
339 4445 400 4508 μου
427 4425 666 4510 παραδώσουσι,
690 4427 746 4488 καί
774 4424 893 4510 πολλήν
920 4425 999 4509 πρός
1022 4425 1077 4510 τήν
1106 4424 1272 4506 βασιλείαν
1302 4449 1362 4512 μου
1390 4435 1505 4514 παρά-

224 4547 337 4634 κλησιν
359 4553 586 4634 ποιησάμενοι,
611 4550 654 4635 μή
678 4549 732 4614 διά
751 4549 808 4612 δύο
832 4547 852 4635 ἢ
876 4551 931 4611 καί
955 4557 1046 4634 τριῶν
1070 4546 1192 4632 ἀνδρῶν
1216 4555 1335 4620 κακίαν
1359 4549 1436 4618 όλον
1463 4561 1503 4620 τό

223 4669 292 4736 κατ’
328 4669 441 4747 αότυός
471 4672 698 4757 ἀποβαλέσύαι
732 4675 884 4757 κάστρον,
920 4673 1039 4758 πολλήν
1075 4673 1129 4758 τήν
1165 4672 1209 4747 είς
1244 4677 1299 4762 τήν
1328 4677 1503 4760 βασιλείαν

224 4819 284 4882 μου
312 4803 368 4864 καί
398 4797 577 4886 Ῥυμανίαν
602 4803 704 4866 πίστιν
732 4801 788 4862 καί
811 4793 935 4861 εόνοιαν
962 4801 1074 4885 τρέφον
1109 4801 1165 4862 καὶ
1193 4796 1243 4864 ἐπί
1278 4803 1378 4888 ταύτῃ
1412 4824 1503 4868 καο-
