3164 5264
1299 373 1364 438 323

82 549 221 635 βριον
258 549 389 626 Edu&
415 561 493 639 τῆς
527 557 806 641 παρατάσεως
840 569 917 624 τοῦ
953 565 1117 646 κυρίου
1151 559 1262 650 ἡμῶν
1290 563 1364 653 Ἰη-

82 681 168 738 σοδ
203 673 586 762 Χριστου,αοπβ.

173 811 1362 915 ΦμάΠέτρισςΔαιονβουσών,μαΐστορτοδὈοπη-

79 936 254 1003 ταλίου
289 949 371 1003 τῶν
405 937 768 1028 Ἱεροσολύμων

647 1173 805 1184 mmm

173 1413 227 1482 Iv.
242 1413 310 1500 Τῆς
334 1412 531 1502 ὲιιλαμπροίς
549 1413 773 1502 αὐθεντηασου
795 1422 874 1482 πασί
890 1416 957 1483 ἐστι
981 1421 1083 1508 ρίλοις
1100 1419 1245 1510 σύιρίβοις
1260 1421 1359 1513 ἡμῶν.

170 1537 225 1606 Νδι
249 1545 279 1604 τί
306 1543 435 1626 γναρίσι
457 1543 548 1606 πάσα
576 1539 622 1615 είς
649 1541 685 1605 τά
714 1539 778 1620 έγύ
807 1539 1051 1629 ἀποαρισιάριος
1078 1549 1135 1610 καί
1163 1547 1278 1622 δοῦλος
1305 1559 1360 1614 τοῦ

79 1663 232 1748 μεγάλου
256 1657 415 1737 αὐθέντας
437 1659 616 1750 Παγηαζητ
639 1667 701 1750 χάν
730 1663 775 1738 εἷς
803 1666 859 1752 τήν
886 1666 1028 1753 δυνάμην
1056 1667 1113 1732 καὶ
1139 1667 1284 1744 ἐξουσίαν
1307 1675 1361 1738 τάν

78 1789 256 1872 γραμάτιον
278 1793 334 1850 τοῦ
358 1787 501 1872 μεγάλου
526 1781 682 1861 αὐθέντας
711 1785 848 1875 έποίησα
871 1793 928 1854 ναί
952 1787 1105 1858 έτελίυσα
1128 1791 1174 1867 είς
1197 1797 1232 1860 τὸ
1256 1792 1359 1882 ὄνομα

77 1919 135 1974 τοῦ
166 1909 313 1995 μεγάλου
341 1903 498 1984 αὐθέντας
527 1914 566 1997 μδ
599 1913 652 1975 τάν
682 1909 927 1998 ένδεσιμύτατον
963 1909 1123 2002 αὐθέντην
1156 1921 1221 2005 φρά
1247 1917 1361 2004 Πέτρα

78 2031 315 2120 Δαιεμβουσόν,
341 2031 443 2119 μέγαν
467 2030 609 2120 μαΐστωρ
634 2043 690 2121 τῆς
714 2032 863 2118 βασιλέας
880 2033 1002 2114 Ῥάδοο,
1027 2037 1080 2102 διά
1104 2043 1157 2112 τές
1173 2037 1279 2115 έξόδες
1301 2045 1359 2106 καί

77 2157 231 2239 βλεπίσες
246 2167 303 2222 τοῦ
320 2155 585 2243 έαλαμπροτάτου
610 2153 766 2230 αὐθέντας
782 2157 935 2246 Τζηίύμη
959 2161 1096 2225 σουλτάν
1118 2165 1277 2228 καὶκατὰ
1300 2165 1358 2251 τὴν

76 2283 226 2369 δυνάμην
249 2287 306 2346 ααί
329 2281 511 2368 πιτρωπίαν,
537 2279 616 2347 ὅπου
640 2281 702 2370 ἔχη
727 2279 744 2348 δ
767 2283 956 2369 λεγομένας
979 2281 1139 2372 αὐθέντης
1155 2291 1257 2372 μέγας
1280 2284 1358 2374 μαί-

77 2425 168 2493 στορ·
193 2415 299 2492 πρῶτο
324 2409 381 2490 μέν
404 2407 459 2470 διά
481 2416 548 2479 ταῖς
571 2403 680 2481 ίξάδες
702 2410 759 2470 καί
783 2407 950 2494 βλεπάσην
973 2411 1030 2472 καί
1053 2408 1112 2474 διά.
1129 2411 1183 2497 τὴν
1208 2407 1357 2500 ᾰρύρμην

74 2527 177 2618 αὐτὴν
202 2533 242 2594 νά
260 2526 452 2616 πληράσηδ
477 2527 580 2614 μέγας
603 2523 762 2616 αὐθέντης
777 2531 883 2594 αάθιν
907 2534 1022 2617 χράνον
1046 2530 1092 2604 είς
1114 2533 1170 2620 την
1185 2531 1296 2600 Ῥόδον
1312 2533 1358 2609 τίς

74 2659 132 2729 τάς
163 2659 279 2741 χοίρας
307 2662 363 2718 τοῦ
391 2653 534 2739 μεγάλου
562 2649 741 2738 μαῒστορος
770 2658 1005 2739 σαρανταπέντε
1032 2655 1188 2742 χηλιάδες
1210 2657 1356 2724 δσοιτάτα

72 2783 178 2865 χρίσα
205 2783 337 2864 μετρίτα
360 2776 405 2850 εἰς
429 2777 485 2862 τήν
507 2779 634 2862 πρώτην
657 2773 779 2863 ἡμέραν
803 2785 859 2841 του
882 2783 1010 2863 χρίνου,
1036 2774 1143 2854 ὁποῖος
1166 2785 1285 2867 χηρίζη
1310 2779 1356 2854 εἰς

72 2902 130 2988 την
155 2903 283 2987 πρώτην
307 2909 362 2964 τοῦ
379 2897 558 2979 αὐγούστου
581 2908 637 2964 τοῦ
660 2903 874 2985 περασμένου,
895 2904 952 2964 καί
975 2903 1068 2966 καθά
1091 2905 1215 2987 χρόνον
1239 2901 1294 2968 έάν
1318 2904 1355 2970 δέ

73 3027 109 3114 ζὴ
141 3025 192 3091 ἔτι
219 3025 274 3090 διὰ
301 3027 355 3088 τὸν
383 3027 505 3110 χρόνον
534 3019 651 3100 αὐτῶν,
677 3019 756 3086 ὅπου
779 3027 878 3108 τρέχη
902 3026 957 3086 καί
973 3028 1093 3111 χηρίζη
1117 3023 1163 3098 εὶς
1186 3029 1242 3113 τὴν
1264 3032 1353 3116 ²⁸⁹⁶·

71 3173 128 3238 την
162 3157 218 3215 τοῦ
246 3149 426 3230 αὐγούστου
453 3157 509 3213 τοῦ
535 3152 750 3234 περασμένου,
775 3151 814 3210 νά
840 3149 995 3234 πληρώση
1025 3145 1041 3214 ὁ
1071 3154 1172 3235 μέγας
1193 3146 1353 3240 αὐθέντης

71 3274 121 3350 εἰς
157 3275 215 3359 τήν
240 3271 352 3340 Ῥύδον
387 3271 433 3344 είς
467 3273 525 3345 τὰς
559 3283 669 3357 χεῖρας
698 3278 753 3336 τοῦ
789 3271 932 3356 μεγάλου
961 3267 1095 3358 μαῒστορ
1121 3271 1183 3347 δας
1213 3278 1352 3362 πενήντα

69 3395 211 3487 ἡμέραις
245 3394 308 3462 ἀπὸ
344 3397 400 3482 τήν
430 3397 608 3482 συμερήνην
637 3391 742 3481 ἡμέρα
769 3395 914 3458 δουιιάτα
943 3395 1091 3478 βενέτιαα
1115 3402 1352 3484 σαρανταπέντε

70 3521 251 3610 χηληάδτς,
277 3519 324 3584 ίτι
341 3524 380 3605 μέ
404 3527 515 3584 τοῦτον
539 3519 592 3582 τάν
616 3521 741 3603 τρίπον,
758 3515 775 3581 ὁ
792 3521 893 3602 μέγας
915 3515 1066 3604 μαίστινρ,
1093 3516 1168 3585 ὅταν
1190 3523 1349 3614 περιλάβῃ

69 3649 108 3710 τά
140 3643 261 3710 άνοθεν
288 3644 434 3708 δουιιάτα
460 3645 517 3706 καί
545 3636 600 3728 ὐχί
628 3638 743 3718 ἀλίιος,
772 3644 860 3714 τότες
882 3643 922 3706 νά
947 3643 1032 3728 βάλη
1057 3643 1174 3732 βουλὴν
1198 3649 1237 3730 μέ
1259 3650 1350 3714 πάσα

69 3769 213 3854 σπουδὴν
248 3771 305 3832 καί
339 3767 482 3853 δυνάμην
506 3761 523 3829 ὁ
547 3766 721 3849 λεγύμενος
757 3769 858 3851 μέγας
894 3763 1050 3852 μαΐστωρ,
1085 3771 1125 3832 νά
1152 3766 1233 3833 εἶναι
1260 3771 1348 3836 ααλὰ

70 3895 272 3978 βλτπημένος
300 3889 317 3956 δ
339 3893 440 3976 παρὸν
464 3889 634 3976 Τζηίύμης
658 3889 846 3966 σουλτάνος,
870 3893 927 3953 καί
950 3893 990 3954 νά
1013 3893 1121 3976 νάμνη
1145 3902 1214 3962 ταῖς
1241 3891 1348 3967 έξύδες

68 4039 123 4082 τοο
140 4017 196 4081 διά
219 4017 275 4102 τὴν
294 4013 470 4080 ἀνάπαυσιν
487 4021 542 4076 του
568 4011 709 4098 μεγάλου
726 4006 894 4090 αὐθέντος,
918 4014 973 4076 διά
995 4016 1035 4077 νά
1057 4012 1134 4098 λίπῃ
1157 4023 1221 4082 πάν
1244 4017 1346 4080 σνάν·

67 4141 180 4206 δαλον.
204 4139 330 4224 παλλὴν
357 4135 420 4216 έγιδ
445 4133 462 4201 δ
485 4137 586 4221 παρὸν
603 4133 855 4221 άποαρησιάριος
884 4133 1047 4222 ὐμολέγοι,
1078 4133 1127 4200 ὅτι
1154 4133 1346 4222 έπαράλαβα

68 4265 131 4332 άπό
161 4265 216 4328 τδν
245 4259 503 4347 ένδεσιμυτάτιον
524 4255 683 4346 αὐθέντην
713 4263 814 4342 μέγαν
839 4257 979 4345 μαίστυρ
1002 4257 1060 4324 ἵνα
1083 4263 1216 4346 χάρτην,
1240 4281 1345 4348 γραμ·

68 4395 171 4476 μένων
196 4389 371 4474 τούραηαα,
397 4384 620 4470 σομαδεμένιιν
645 4385 680 4447 τά
705 4383 840 4468 σύμαδιν
864 4393 919 4448 τοῦ
943 4381 1051 4468 Τζηάν
1079 4385 1265 4462 σουλτάνου,
1289 4387 1346 4452 καί

67 4513 127 4582 ᾰπὲ
158 4514 193 4577 τὸ
223 4509 313 4576 ὐπίον
342 4514 465 4597 χάρτην
500 4507 562 4594 ἔχη
595 4506 675 4574 δσάν
707 4505 881 4593 ἐπίτροπος
917 4507 1062 4583 ἐξουσίαν
1097 4513 1154 4573 καί
1189 4511 1343 4596 δυνάμην,

65 4637 119 4704 διὰ
142 4639 184 4702 νὰ
211 4640 310 4722 σιάση
338 4637 375 4700 τά
402 4635 503 4718 παρόν
530 4631 639 4719 Τίηάν
670 4631 843 4697 σουλτάνον
874 4635 912 4718 μέ
936 4635 989 4701 τάν
1016 4637 1262 4718 ιιραταιιυτάτον
1286 4633 1341 4700 αὐ.

68 4765 186 4850 θέντην
208 4759 344 4826 σουλτάν
368 4757 528 4842 Παιαζὴτ,
557 4761 613 4824 καί
638 4755 683 4828 εἰς
707 4759 761 4844 την
785 4758 927 4843 δύναμην
951 4765 1006 4821 τοῦ
1030 4764 1165 4843 χαρτίοο
1189 4760 1341 4838 έγενέτιυν

1072 4869 1103 4922 21
1125 4861 1142 4900 ⁰
