3164 5264
245 355 311 420 336

242 549 335 612 σάτοι
358 543 378 634 ἢ
403 545 526 632 μπαλλς
553 553 608 610 τού
632 549 742 634 νησίου
771 553 827 632 τῆς
854 541 1010 633 Ῥύδουῆ
1037 545 1257 619 ιιασττλλάνος
1283 541 1304 632 ἢ
1328 543 1524 634 ροτιάλλιος

240 668 261 757 ἢ
290 673 402 758 φρύρτς
436 667 673 756 Ὁστηταλλίοο
700 673 740 736 νά
772 669 868 758 μοδύν
902 669 1040 756 τολμίση
1074 673 1114 736 νά
1147 671 1236 756 τάργγ
1265 666 1328 736 άτύ
1358 673 1400 734 τά
1430 669 1524 734 ιιαλά

241 815 296 866 τος
324 797 421 880 χωρίς
448 795 484 858 τὸ
512 794 662 880 δίλημάν
696 815 764 871 τος,
795 787 900 880 ῥοδχα
926 793 948 880 ἢ
978 796 1045 868 ζιυά
1071 791 1092 881 ἢ
1120 791 1258 881 ύρνηδις
1284 791 1305 881 ἢ
1332 791 1473 858 τουλλιά
1501 787 1522 876 ἢ

243 921 417 1006 μυξήύρις.
448 917 495 983 ἔτι
522 917 558 982 δὲ
586 922 677 992 ιιανίς
701 916 764 984 ἀπὸ
788 918 861 990 τούς
883 915 969 991 υἱούς
992 913 1110 996 αύτύν,
1137 915 1217 984 ύπού
1240 920 1280 982 νά
1302 920 1432 1004 γονίγσιν
1453 937 1524 982 πα·

243 1042 358 1119 πάδις,
394 1044 433 1106 νύι
462 1041 559 1126 μυδίν
590 1041 660 1104 ύνον
682 1042 894 1128 κρατούμενοι
917 1043 957 1105 νύι
978 1041 1213 1128 πλιρύσουσην,
1240 1047 1344 1126 παροδ
1371 1036 1422 1106 ὅτι
1450 1039 1523 1104 ἕνον

243 1168 471 1252 σονιύισμδνον
488 1163 533 1239 τίς
557 1166 611 1252 τὴν
627 1164 772 1252 Χάρπην.
798 1163 845 1230 ἔτι
868 1165 904 1228 δύ
930 1160 1019 1230 αὐτοὶ
1042 1162 1073 1230 οἱ
1088 1164 1258 1254 Χαρνιήται
1280 1167 1319 1228 νά
1344 1161 1412 1230 btv
1436 1184 1525 1248 τρα-

241 1293 390 1377 τούμτνοι
418 1293 458 1356 νά
483 1293 637 1376 τάρουσιν
665 1291 701 1353 τύ
730 1292 851 1375 σιτάριν
878 1292 968 1354 ιιάτιυ
997 1287 1042 1362 τίς
1068 1291 1104 1354 τύ
1138 1289 1361 1376 ταραγιάλλην
1390 1287 1436 1362 τὶς
1464 1291 1523 1354 τύν

242 1417 338 1478 τύπον
367 1409 505 1492 ἐκείνου,
534 1407 613 1478 ὅπου
640 1415 680 1477 νά
708 1408 898 1498 ύρδινιάσύη
925 1414 1013 1498 παρά
1039 1420 1095 1477 τοῦ
1125 1410 1379 1498 αίδισιμιυτάτου
1406 1411 1521 1496 παρδι-

243 1536 374 1601 ναλλίου
396 1539 454 1601 καί
477 1530 645 1601 αύύίντου.
675 1533 722 1599 ίτι
749 1533 785 1599 δὲ
813 1531 904 1600 αύτοί
926 1530 947 1622 ἡ
970 1533 1139 1623 Χαριιηται
1163 1543 1219 1622 της
1241 1531 1353 1616 Ἃγίας
1375 1531 1522 1619 Μάρθας

241 1662 282 1724 νά
305 1658 376 1724 ἕνον
392 1658 585 1724 ἐσπουσάτοι
601 1667 656 1724 τού
680 1659 792 1722 τούτου
815 1661 934 1744 χρύνου
958 1656 1004 1732 τίς
1026 1657 1127 1748 ,αοίηβ
1151 1655 1214 1724 άτύ
1238 1659 1291 1722 τύν
1308 1657 1523 1743 σιττίμβριον

240 1789 299 1850 καί
322 1785 479 1850 τιλιιύνιι
502 1781 577 1849 ὅλον
599 1779 697 1848 αὐτού
720 1787 805 1848 πατὰ
828 1783 884 1870 την
907 1785 993 1859 τάξιν
1017 1791 1073 1848 τού
1096 1786 1217 1870 νησίου,
1241 1785 1298 1848 ιιαί
1321 1781 1439 1848 άτοιιτί
1462 1785 1522 1848 ιιαί

243 1909 364 1996 ύμπρύς
386 1913 426 1974 νά
446 1909 585 1996 δίδυοην
609 1911 666 1974 ιιαί
688 1911 728 1974 νά
750 1909 970 1996 πλιριύνωσην
999 1905 1125 1974 ἅπαντα
1147 1911 1188 1972 τά
1211 1905 1276 1972 άνα
1300 1911 1522 1993 γιγραμμίνα,

242 2029 444 2119 ἀρχάξοντας
468 2031 513 2107 τίς
540 2029 644 2118 ,αυξβ
671 2029 732 2097 ἀπὸ
755 2033 807 2096 τύν
836 2028 1055 2117 στπτάμβριον.
1084 2027 1175 2119 ἡμιίς
1199 2031 1234 2096 δύ
1259 2033 1317 2105 τὰς
1339 2027 1522 2117 λιγομύνας

242 2159 328 2234 τάξις
363 2155 586 2244 άνιγνιύσαμιν
619 2161 677 2222 ιισιί
709 2155 825 2242 ἵδαμιν
859 2159 916 2220 οιαὶ
932 2153 1151 2241 ·οίιιούσομιν,
1190 2159 1248 2220 ιισί
1282 2151 1312 2220 οἱ
1347 2155 1523 2240 λιγύμονοι

240 2280 411 2368 Χαριιητιιι
434 2284 474 2366 μὲ
491 2281 609 2354 ταύτας
632 2281 689 2352 τὰς
713 2279 801 2354 τάξις
823 2275 928 2366 ἠλδον
953 2277 1136 2364 ἔμπροσθεν
1150 2274 1251 2366 ἡμῶν,
1275 2278 1329 2344 διὰ
1351 2281 1392 2343 νά
1415 2278 1523 2343 ττλιύ-

242 2425 358 2491 συσην.
383 2405 437 2470 διὰ
464 2413 557 2468 τούτο
582 2402 628 2477 τίς
653 2401 789 2482 ύιιιίνον,
824 2405 860 2468 τύ
888 2401 1015 2490 ῐχυμιν
1050 2399 1097 2476 τίς
1118 2403 1174 2489 τήν
1200 2397 1359 2490 ἡμιτίραν
1390 2413 1520 2483 γνῶσιν,

242 2528 469 2614 σπουδάζομεν
492 2528 622 2613 παήστα
642 2523 689 2598 τίς
712 2527 811 2612 νησην
827 2533 883 2612 της
906 2522 1018 2592 Ῥόδου
1041 2527 1098 2590 οιαὶ
1124 2533 1185 2589 τῶν
1207 2521 1375 2590 ίτιλιίττιν
1398 2529 1520 2613 νησίον

240 2645 330 2737 ἡμῶν
354 2657 409 2714 τού
424 2647 660 2735 Ὁσπηταλλίοο
683 2655 738 2713 τού
754 2649 929 2734 λιγομίνου
950 2645 998 2721 ,εἰς
1021 2647 1076 2734 την
1101 2643 1270 2734 ἀνατολὴν,
1286 2647 1341 2712 διά
1363 2650 1404 2714 νά
1427 2646 1520 2735 ἔχιν·

241 2793 298 2858 μον
333 2767 565 2845 ύτοταιιτιπούς
599 2775 655 2837 οιαὶ
682 2775 836 2844 ιιάτιιιους
870 2771 925 2836 διὰ
959 2771 1089 2859 φύλαξιν
1124 2774 1180 2836 ιιαί
1215 2771 1368 2857 βλίτησιν
1403 2767 1450 2846 τίς
1481 2773 1519 2835 τύ

239 2891 361 2981 ὄνομαν
389 2903 446 2981 τῆς
473 2894 657 2981 ιιαύολιιιῆς
684 2891 774 2982 ἡμῶν
808 2899 943 2968 πίστιος
970 2897 1027 2958 ιιαί
1054 2893 1150 2970 δόξαν
1177 2897 1234 2959 ιιαὶ
1262 2895 1356 2981 τιμὴν
1378 2897 1437 2960 οιαὶ
1459 2901 1519 2960 τού

238 3019 414 3104 λιγομίνου
442 3016 692 3106 Ὁσπηταλλίου,
721 3015 810 3092 ύπίος
833 3015 1006 3105 ἀνίστησιν
1031 3015 1076 3092 τίς
1099 3019 1154 3104 τήν
1178 3015 1341 3104 ύπίβλτψιν
1363 3027 1425 3082 τῶν
1448 3039 1518 3084 ιτα·

239 3143 383 3206 δολιιιῶν
402 3139 588 3228 ἀνθρώπων,
612 3145 669 3206 τισί
693 3139 723 3206 οἱ
740 3139 886 3220 ίπίλιποι,
904 3140 1062 3225 βλίποντσ
1084 3149 1186 3218 τούτο,
1204 3143 1243 3206 νά
1267 3139 1397 3228 ἔχοσην
1409 3141 1518 3206 ιιαλύν

240 3265 390 3351 θάλημαν
414 3268 471 3328 καί
500 3264 647 3350 ιιαρδίαν,
669 3267 709 3330 νά
737 3265 876 3351 ύρχοιντο
904 3267 944 3330 νά
966 3267 1204 3330 πατινοίσοοσιν
1233 3261 1278 3339 τίς
1301 3263 1375 3338 τούς
1398 3266 1518 3336 τύπους

239 3397 295 3454 τού
322 3390 497 3474 λτγσμύνου
530 3385 682 3474 ύσπητίου
709 3383 809 3476 ἡμῶν.
845 3389 899 3454 διὰ
933 3389 1051 3462 ταύτας
1082 3390 1139 3462 τάς
1174 3386 1278 3462 αἰτίας
1310 3385 1364 3453 ἵνα
1395 3386 1517 3475 ύχυισιν

238 3509 367 3590 ἀγαθὸν
390 3515 447 3576 ιιαί
469 3511 571 3577 καλὸν
595 3511 696 3590 τέλος,
722 3509 869 3598 ίιιτίστην
891 3515 949 3576 ιιαί
972 3508 1148 3598 ύττλιιύύην
1172 3507 1190 3576 δ
1212 3513 1315 3598 παρύν
1337 3511 1517 3597 λιγύμινος

236 3636 354 3720 πύργος
383 3643 439 3721 τῆς
465 3633 578 3715 Ἁγίας
606 3634 747 3722 Μάρδης
773 3639 831 3700 καί
858 3638 915 3708 τάς
939 3638 1162 3722 γτγραμμίνας
1190 3635 1276 3712 τάξις
1298 3638 1355 3700 ιιαί
1379 3655 1514 3723 συμμισ-

237 3764 302 3832 νίις
325 3761 382 3823 ιιοιί
405 3755 552 3843 δρδινίις,
577 3755 691 3833 οἵτινις
708 3757 786 3824 τίσίν
810 3763 1043 3845 γιγραμμίναι,
1067 3754 1275 3846 ύμολογύμιν
1298 3761 1355 3824 ιιαί
1377 3763 1515 3844 στίργο·
1575 3759 1576 3764 ’

239 3901 296 3968 μιν
330 3885 386 3945 ταί
422 3881 612 3968 βεβαιοῦμεν
646 3879 685 3945 δι’
713 3877 802 3968 ἡμῶν
835 3885 893 3946 ιιαί
919 3882 974 3946 διὰ
1002 3880 1075 3954 τούς
1099 3879 1292 3968 ύρχομίνυυς
1319 3883 1515 3968 μαίστύροῡς

238 4011 293 4069 τού
317 4001 562 4091 Ὀσπηταλλίου.
599 4003 629 4068 οἱ
661 4009 727 4070 πίοι
754 4004 923 4091 Χαριιηται
949 4004 1143 4090 λπιρίλαβαν
1169 4005 1299 4092 πύργον,
1336 4005 1432 4070 τύτον
1454 4001 1513 4068 καὶ

239 4129 383 4216 χυράρια
405 4130 445 4192 τὰ
468 4133 690 4214 γεγραμμίνα,
713 4132 770 4192 οιαὶ
793 4123 938 4214 ύμωσαν,
966 4125 1019 4194 ἰ’να
1041 4137 1201 4214 κρατῶσιν
1223 4131 1280 4194 ιιαί
1303 4127 1513 4215 φολάττινσην

239 4250 285 4325 τίς
308 4249 425 4326 αἰῶνας
448 4255 505 4325 τὰς
529 4249 594 4317 ἄνω
618 4257 843 4339 γτγραμμίνσς
866 4255 952 4329 τάξις
974 4249 1015 4318 δι’
1039 4248 1154 4327 αύτούς
1177 4256 1235 4320 καί
1257 4255 1297 4318 τά
1319 4251 1434 4318 παιδία
1457 4273 1513 4325 τος

238 4373 295 4438 ταὶ
317 4373 429 4440 παιδία
458 4375 591 4441 παιδίων
620 4373 665 4450 εὶς
694 4374 823 4442 αἰωνίαν
848 4379 984 4463 μνήμην.
1009 4380 1066 4442 καί
1089 4372 1237 4462 δρίζομιν
1259 4378 1350 4442 τάσα
1371 4371 1513 4442 διαστον

239 4500 523 4586 τοοριιοπουλιίριν,
547 4505 767 4586 σινισιιάριιον,
792 4502 916 4588 μπαλὴ,
940 4501 1193 4580 πιαοτιλλάνοος,
1211 4501 1432 4587 γραμματικὸν
1456 4507 1514 4564 τού

238 4627 365 4708 νησίου,
400 4625 572 4708 πρύταιδτς
599 4629 655 4690 παὶ
677 4629 766 4690 πάσα
795 4623 892 4690 άλλσν
920 4627 1014 4689 τόσον
1042 4628 1164 4712 ρρίριν,
1191 4619 1267 4690 ὅσον
1292 4625 1513 4710 σιπουλιίρην,

238 4749 277 4807 νύι
306 4746 401 4830 μυδὲν
437 4746 638 4831 τολμίσιυσην
666 4751 706 4810 νά
734 4745 970 4812 ὲναντιιιδιδσιν
1005 4750 1040 4812 τύ
1067 4750 1168 4833 παρύν
1198 4748 1349 4833 ύύλημαν
1377 4745 1423 4820 τίς
1453 4751 1513 4819 τάς
