3164 5264
226 315 290 378 304

226 507 369 572 θούντων
405 507 559 574 στείλασα
595 509 817 594 στρατεύματα
850 511 936 573 κατά
970 510 1006 573 τύ
1039 511 1137 594 πέραν
1165 517 1219 574 τού
1249 515 1392 592 ποταμοῦ
1426 505 1502 580 τούς

228 636 284 720 μὲν
301 631 408 706 οἰκους
431 643 491 698 τῶν
515 643 627 719 χωρῶν
650 637 860 712 κατέκαυσεν,
884 635 958 708 τούς
981 634 1017 698 δὲ
1041 631 1216 721 ἐγχωρίους
1237 629 1501 720 ήχμαλιύτευσεν,

227 763 283 824 καῖ
306 760 359 823 τάν
380 762 474 822 τόπον
499 755 573 823 ύλυν
596 755 659 832 ἵως
682 758 871 844 Ἀντιπάρου
893 761 950 822 καί
972 753 1142 824 Ούλκινίου
1166 756 1223 824 καὶ
1244 753 1386 843 Κρσύνας
1412 755 1503 822 ἀνοί-

228 882 337 956 ίαντες
370 885 427 944 καί
455 880 712 968 λεηλατήσαντες
747 892 811 954 τοῖς
840 878 959 966 ἑτέροις
993 883 1101 954 τόποις
1135 891 1190 968 τής
1217 881 1407 954 δυναστείας
1440 901 1502 966 μου

227 1006 445 1089 προσέθεσαν,
481 1001 567 1067 υύπω
603 1004 638 1067 δὲ
674 1006 744 1067 τότε
779 1004 960 1090 κατάληψις
998 1001 1019 1091 ή
1053 1004 1240 1099 παράδοσις
1265 1001 1410 1089 Σκόδρας
1445 1005 1502 1066 καί

229 1123 314 1192 ούπω
340 1125 460 1214 εἰρήνη·
485 1123 613 1212 ὕστερον
638 1130 699 1212 γάρ
725 1122 784 1191 σύκ
808 1125 916 1206 ὀλίγον
930 1129 1034 1192 πάντα
1057 1135 1156 1192 ταῦτα
1181 1125 1317 1207 ἐγένετο,
1342 1129 1398 1192 καί
1420 1136 1502 1191 ταύ-

229 1273 268 1314 τα
288 1252 382 1337 δήλα·
409 1249 548 1335 ἐναργῶς
564 1254 624 1337 γάρ
647 1261 709 1324 τάς
733 1247 837 1316 δκατ’
862 1249 982 1316 ἐκεῖνον
1005 1253 1057 1316 τύν
1081 1253 1195 1336 καιρύν
1220 1249 1285 1316 ἐκεῖ
1309 1247 1501 1336 εὑρισκόμε-

229 1393 282 1447 νος
307 1372 429 1460 ἐιύρακέ
453 1397 485 1438 τε
510 1379 566 1439 καί
594 1377 824 1461 μαρτυρήσειεν
847 1377 887 1438 τά
911 1371 1070 1460 δρώμενα,
1094 1376 1210 1448 καθὼς
1234 1371 1356 1460 ἐύρακέ
1387 1395 1422 1437 τε
1445 1376 1502 1437 καί

230 1495 405 1563 ἐθεάσατο·
431 1501 545 1563 τούτων
571 1491 669 1572 ούτως
693 1497 831 1586 ἐχόντων
855 1497 914 1564 οόκ
939 1497 1087 1581 εύπρεπές
1110 1497 1193 1564 ἐστιν
1219 1509 1310 1579 γαῖαν
1333 1493 1502 1586 ἡμετέροις

230 1625 343 1708 δόρασι
369 1624 636 1710 καταληφθεῖσαν
665 1621 776 1696 ἄλλοις
804 1623 941 1704 διδόναι,
972 1621 1056 1688 ἀλλά
1084 1633 1148 1697 τοῖς
1174 1621 1268 1696 ἰδίοις
1294 1623 1502 1707 θεράπουσιν·

230 1750 286 1810 καί
314 1741 395 1810 ούτω
422 1748 595 1832 πράξαντες
621 1749 682 1830 πρά
713 1755 772 1812 τῶν
801 1749 972 1833 συνθηκῶν
1001 1757 1057 1834 της
1086 1743 1214 1833 ἀγάπης
1236 1744 1450 1830 ἀπεδόθησαν
1475 1741 1504 1808 οἱ

231 1873 322 1934 τόποι
345 1865 388 1953 τῷ
414 1865 519 1932 ἐκεῖσε
548 1871 695 1955 σατράπη
723 1867 949 1955 Σκόντερμπεϊ,
979 1867 1063 1934 ἀλλά
1086 1873 1125 1934 τά
1148 1879 1209 1934 τῶν
1234 1868 1401 1954 βασιλεύων
1426 1865 1504 1953 ἀρε·

231 2003 290 2057 τῶν
326 1996 514 2078 χαρίσματα
549 1995 605 2056 καὶ
641 1990 674 2056 αἱ
709 1990 915 2076 ἐλεοθερικαί
942 1996 1148 2079 προτιμήσεις
1177 1989 1236 2057 ούκ
1264 1991 1392 2078 ἔκριναν
1417 1989 1503 2066 ἀξιον

231 2119 341 2203 χώρας
375 2117 474 2203 φίλων
508 2112 669 2202 ἡμετέρων
704 2119 760 2179 καὶ
787 2117 896 2189 πόλεις
925 2116 958 2180 ἐν
986 2113 1183 2202 στενοχωρία
1212 2113 1291 2180 εἶναι
1314 2109 1373 2180 ύπύ
1401 2117 1502 2179 τόπων

233 2240 432 2325 βραχύτητος
455 2242 512 2303 καί
531 2241 737 2326 τραχύτητος,
762 2243 819 2304 καί
841 2241 896 2303 διὰ
920 2248 1012 2304 τούτο
1029 2239 1165 2326 διέκρινε
1189 2241 1224 2304 τύ
1247 2235 1400 2327 ήμέτερον
1424 2241 1503 2324 κρά-

232 2383 286 2436 τος
312 2363 428 2447 σύνορα
445 2361 531 2447 ἔχειν
556 2367 612 2436 τὰς
635 2363 744 2435 πόλεις
763 2365 881 2435 ταύτας
906 2362 1128 2449 ἐναρμυδίους,
1151 2365 1208 2427 καί
1231 2369 1322 2427 τούτο
1346 2363 1503 2448 πραχθή-

234 2507 324 2550 σεται
346 2481 574 2571 διάπρονοίας
597 2487 791 2573 πρεπούσης,
815 2487 930 2559 καθιδς
954 2498 993 2573 τῇ
1015 2487 1223 2572 λαμπροτάτη
1253 2481 1427 2569 αύθεντεία
1450 2493 1502 2572 τής

233 2611 401 2682 Βατνετίας
426 2609 548 2696 αἱρετόν
583 2607 659 2675 ἐστι.
695 2614 765 2696 περί
799 2611 834 2674 δὲ
870 2619 927 2696 τής
960 2609 1148 2694 Πούδουβας
1183 2610 1279 2688 ἔστω,
1315 2607 1357 2680 ὣς
1392 2614 1450 2676 καί
1469 2611 1501 2673 τύ

234 2739 352 2822 πρώην,
376 2739 432 2799 καί
454 2739 591 2821 μεινάτω
608 2733 653 2808 εἰς
677 2737 733 2808 τάς
754 2733 840 2809 ἰδίας
863 2735 1026 2821 περιοχάς.
1054 2739 1124 2820 περί
1147 2735 1183 2799 δέ
1199 2733 1397 2820 Παστίαςτή
1421 2755 1501 2819 κρα-

235 2859 313 2943 ταιή
340 2879 399 2945 μου
428 2859 577 2942 βασιλεία
605 2853 705 2930 ούτως
734 2856 895 2946 ἀνέφερον,
921 2854 969 2922 ὅτι
991 2861 1087 2932 τύπος
1111 2855 1177 2923 ἐστί
1200 2857 1342 2922 κλεπτῶν
1365 2861 1423 2921 καῖ
1445 2857 1503 2941 λη-

235 2993 315 3050 στύν
339 2987 600 3070 κατοικητήριον,
635 2981 693 3046 καί
714 2985 829 3055 πάντες
863 2981 892 3047 οἱ
923 2980 991 3046 ἐκεῖ
1013 2991 1239 3055 κατοικοῦντες
1274 2983 1414 3071 φυγάδες
1446 2979 1505 3044 εἰσί

236 3115 297 3171 τῶν
321 3105 531 3191 Ἀλβανιτῶν,
557 3107 599 3192 μή
630 3105 760 3192 ἔχοντες
778 3109 889 3192 σχέσιν
913 3109 982 3170 τινὰ
1004 3107 1082 3192 πρὸς
1105 3105 1160 3192 τήν
1185 3103 1338 3192 ύμετὲραν
1361 3105 1506 3191 λαμπρυ-

235 3235 333 3318 τάτην
362 3227 551 3296 αύθεντείαν
578 3232 635 3294 καί
664 3229 832 3294 υἰκείωσιν·
856 3233 913 3292 καί
937 3240 1057 3310 γνοῦσα
1081 3231 1116 3294 τύ
1141 3229 1419 3318 φιλοδικαιότατον
1443 3227 1507 3314 ἀμ·

235 3361 374 3445 φυτὲρων
401 3353 490 3442 ήμῶν
519 3351 578 3418 ούκ
607 3353 697 3430 ἔδοξε
723 3351 825 3440 μένειν
849 3351 881 3418 ἐν
906 3352 1020 3439 άκροις
1043 3351 1140 3440 ὁρίοις
1163 3357 1288 3441 ληστῶν
1311 3355 1508 3441 κατοικητή-

238 3502 299 3566 ρια.
327 3477 430 3542 ἔτιδὲ
454 3482 524 3563 περί
546 3477 742 3544 Ναυπάκτου
768 3480 906 3541 καὶτῶν
931 3474 1034 3562 δρίων,
1059 3475 1088 3542 εἰ
1112 3475 1216 3542 ἐκεῖσε
1239 3479 1321 3549 τινὲς
1344 3487 1404 3542 τῶν
1427 3472 1508 3564 ἡμε-

238 3608 334 3688 τέρων
370 3597 517 3687 ύπηκύων
547 3602 602 3684 βία,
627 3599 836 3687 κατῴκησαν,
870 3605 955 3664 κατὰ
979 3603 1036 3677 τὰς
1060 3599 1199 3688 ἀρχαίας
1230 3598 1319 3688 ήμῶν
1344 3603 1509 3688 συνθήκας

238 3727 418 3812 γενηθήτω,
442 3727 498 3787 καί
519 3722 548 3787 οἱ
576 3705 647 3787 ἐκεῖ
667 3731 893 3796 κατοικοῦντες
921 3725 976 3808 βία
999 3722 1042 3798 εἰς
1066 3722 1171 3798 οἰκίας
1194 3727 1401 3812 κατοικήσεις
1427 3722 1506 3788 ἀπο·

213 3851 480 3936 ,στραφήτωσακ
515 3851 572 3911 καῖ
605 3850 644 3910 τὰ
678 3851 843 3934 περίχωρα
864 3845 1060 3913 Ναυπάκτου
1096 3844 1128 3912 ἐν
1163 3847 1271 3936 εἰρήνη
1299 3851 1355 3912 καί
1387 3846 1508 3935 ἀρχαίη

239 3971 366 4055 ἐξουσία
391 3975 581 4057 μενέτωσαν.
607 3970 654 4034 ἐτι
677 3973 746 4056 περὶ
770 3979 824 4034 τοῦ
848 3975 977 4056 κάμπου
1001 3979 1056 4036 τού
1080 3969 1113 4034 ἐν
1137 3973 1304 4057 μεθορίοις
1325 3969 1508 4037 Ναυπλοίοο

238 4098 296 4159 καί
317 4093 459 4180 Ἀργους
483 4092 744 4182 ἀποφαινόμεθα,
775 4092 828 4158 ἵνα
855 4093 918 4180 ἔχη
947 4096 1002 4181 τήν
1025 4099 1207 4178 πρέπουσαν
1231 4107 1323 4174 γαῖαν
1348 4091 1380 4160 ἐν
1407 4097 1507 4180 μεθο-

241 4223 319 4302 ρίοις
354 4223 409 4282 καί
446 4215 648 4303 ἁρμόζουσαν
683 4221 769 4281 κατὰ
804 4219 838 4281 τά
875 4215 1044 4296 ἀνάλογον·
1080 4222 1119 4282 τά
1147 4222 1208 4304 γάρ
1236 4216 1320 4282 ἄλλα
1347 4223 1508 4306 περίχωρα

240 4350 296 4405 τού
320 4339 486 4429 εἰρημένου
513 4339 708 4411 Ναυπλοίοο,
731 4339 828 4427 ήγυυν
856 4341 1025 4427 Θερμισίοο
1049 4340 1105 4406 καὶ
1128 4341 1289 4428 Καοτρίου
1312 4343 1370 4408 καί
1393 4341 1507 4426 Τζιβε-

242 4471 320 4551 ρίου,
343 4470 400 4530 καί
424 4464 456 4529 αἱ
480 4464 590 4530 ἀλικαί
613 4461 724 4542 αύτύν,
751 4463 779 4528 εἰ
802 4462 834 4540 ἐξ
858 4462 960 4552 ἀρχῆς
983 4463 1167 4532 Ναυπλοίοο
1191 4465 1287 4554 ήσαν,
1312 4471 1505 4553 μεινάτωσαν

242 4591 328 4652 κατὰ
351 4589 406 4674 τήν
427 4585 564 4672 ἀρχαίαν
588 4590 681 4668 τάξιν,
707 4592 763 4653 καί
786 4587 816 4653 οἱ
839 4585 905 4652 ἐκεῖ
928 4585 1014 4662 ὄντες
1038 4593 1199 4674 σατράπαι
1230 4585 1382 4655 οὐδέποτε
1407 4587 1504 4656 αύτῶν

243 4711 484 4796 πλησιάσουσιν.
509 4709 556 4773 ἔτι
578 4715 634 4774 καί
656 4715 727 4797 περὶ
749 4709 977 4796 Μυνεμβασίας
1000 4717 1056 4778 καί
1079 4711 1252 4792 Βαιτίκων,
1280 4715 1395 4787 καθιδς
1426 4711 1505 4778 εἰτο-
1564 4761 1565 4814 η
