3132 5268
226 337 288 408 178

219 538 358 622 λομένης
387 538 567 625 τηρηθῆναι
593 541 649 603 καί
677 539 784 627 φιλίας
808 537 859 604 ἐπὶ
889 541 924 602 τύ
952 550 1091 624 κρεῖττον
1127 533 1394 626 αἰξηθησομένης
1423 535 1497 602 ἐπι-

222 664 439 748 καλεσάμενοι
463 666 497 728 τύ
522 661 623 751 ὄνομα
647 673 702 730 τοῦ
726 665 873 750 Χριστοῦ,
897 667 1070 751 συνέβημεν
1095 666 1145 730 ἐπί
1169 667 1304 743 τούτοις,
1333 665 1498 751 δηλονότι,

220 787 273 854 ἵνα
303 773 364 854 ἀπά
400 798 456 876 τῆς
488 791 652 878 παρούσης
686 787 807 878 ἡμέρας
836 789 880 864 εἰς
909 793 943 855 τύ
974 790 1157 876 ἔμπροσθεν
1183 793 1277 877 μέχρι
1299 793 1389 855 πέντε
1415 787 1498 854 ἐτῶν

222 923 282 976 τῶν
321 912 434 1000 ἐφεξῆς
473 913 762 1002 ἀκολουθησύντων
801 915 916 1001 μεταξύ
950 910 1038 1000 ἡμῶν
1078 937 1110 979 τε
1145 919 1201 980 καί
1235 925 1290 1002 τῆς
1325 915 1498 998 βασιλείας

221 1031 390 1122 ἡμῶνκαὶ
419 1047 473 1102 τοῦ
502 1034 656 1124 ἡμετέρου
684 1039 779 1116 λαοῦ,
809 1038 855 1103 έτι
878 1061 911 1103 τε
935 1048 994 1104 τῶν
1018 1039 1224 1126 κληρονόμων
1247 1043 1304 1104 καί
1330 1039 1498 1124 διαδόχων

221 1155 310 1246 ἡμῶν
337 1163 393 1224 καί
422 1159 519 1225 αύτοῦ
547 1171 602 1226 τοῦ
629 1171 726 1248 κυροῦ
754 1163 869 1238 δουκύς
893 1167 1027 1228 καὶτοῦ
1051 1162 1412 1250 κουμουνίουΒενετίας
1436 1167 1498 1227 καὶ

221 1288 344 1348 πάντων
373 1294 432 1348 τῶν
460 1281 719 1372 ὑποτεταγμένων
755 1282 861 1360 αύτοῖς
895 1288 1085 1374 διαμένωσιν
1121 1286 1152 1354 ἐν
1187 1287 1275 1374 ἰσχύι
1309 1291 1365 1350 καί
1401 1283 1496 1372 ἀκμη

223 1408 385 1495 εἰλικρινεῖ
419 1415 474 1476 καί
510 1409 643 1498 δμονοίυρ
666 1415 775 1498 τρέβαι
809 1411 996 1503 ἐφείλυυσαι
1030 1413 1184 1499 διαρκεῖν,
1210 1417 1408 1499 στηρίξαντες
1434 1415 1497 1476 καί

222 1535 424 1619 βεβαιοῦντες
460 1540 554 1622 μέχρι
589 1546 644 1624 τῆς
672 1537 839 1626 εἰρημένης
874 1539 1003 1624 διωρίας
1036 1541 1142 1611 παίσας
1177 1541 1233 1610 τάς
1262 1536 1496 1622 παρελθούσαις

221 1663 276 1724 καί
300 1658 517 1735 ἐκπνευσάσας
546 1663 659 1747 τρέβας
684 1667 763 1748 μετὰ
785 1667 909 1728 πάντων
932 1673 991 1728 τῶν
1015 1664 1211 1750 κεφαλαίων,
1240 1671 1299 1726 τῶν
1322 1664 1496 1726 καταστά-

222 1805 316 1862 σεων,
340 1795 400 1850 τῶν
424 1790 662 1872 στοιχημσίτων,
695 1798 754 1852 τῶν
779 1799 974 1875 συμφωνιῶν,
1004 1797 1063 1852 τῶν
1087 1787 1324 1874 έπερωτησεων,
1350 1787 1494 1870 βεβαιῶ-

221 1913 301 1974 σεῶν
325 1932 358 1972 τε
382 1913 438 1974 καὶ
462 1914 581 1998 ζημιῶν
612 1909 787 1976 ἐπιθέσεων
814 1915 870 1976 καί
898 1922 957 1976 τῶν
981 1909 1087 1976 ἀλιων
1110 1915 1233 1976 πάντων
1257 1921 1317 1976 τῶν
1341 1907 1495 1996 ἐμπεριε-

221 2038 365 2121 χομένων
392 2033 424 2100 έν
448 2044 515 2107 ταῖς
539 2035 664 2122 τρέβαις
687 2047 755 2108 ταῖς
787 2033 931 2122 ἀνωτέρω
955 2036 1180 2123 δηλουμένοις,
1215 2048 1282 2108 ταῖς
1304 2035 1494 2120 παρελθού·

221 2181 308 2237 σαις,
336 2161 451 2232 καθῶς
480 2163 573 2246 μέχρι
597 2169 652 2224 τοῦ
672 2170 725 2225 νῦν
748 2163 936 2248 καθέστηκε
962 2162 1112 2246 σύνηθες,
1138 2163 1217 2246 μετὰ
1241 2170 1301 2224 τῶν
1324 2159 1495 2246 διασαφή-

221 2301 300 2348 σεων
323 2286 380 2346 καί
402 2283 657 2368 προσδιορισμῶν
681 2294 740 2348 τῶν
763 2287 932 2370 κατωτέρω
961 2287 1224 2371 γραφησομένων,
1252 2283 1415 2369 δηλονότι,
1446 2279 1496 2347 ὅτι

220 2405 247 2470 εἰ
271 2409 327 2471 καί
350 2402 367 2470 δ
391 2415 451 2492 κύρ
475 2407 550 2482 δούΕ
573 2411 629 2471 καί
653 2409 688 2472 τδ
711 2409 900 2494 κουμούνιον
923 2406 1072 2480 Βενετίας
1097 2415 1241 2496 φανερῶς
1267 2405 1396 2493 ἔχουσιν
1430 2403 1496 2471 ἀπὸ

221 2539 276 2595 τοῦ
305 2532 402 2596 τύπου
431 2540 491 2595 τῶν
518 2533 636 2617 τρεβῶν
663 2541 722 2596 τῶν
746 2555 780 2597 τε
804 2537 881 2597 νέων
904 2535 960 2598 καί
982 2532 1108 2596 παλαιῶ
1125 2533 1140 2608 ’,
1176 2528 1257 2596 ὥστε
1288 2527 1399 2606 ἐξεῖναι
1428 2543 1496 2603 τοῖς

220 2653 399 2729 Βενετίκοις
436 2652 537 2722 αὐτῶν
572 2654 724 2724 ὠνεῖσθαι
760 2655 938 2742 ἐλευθέρως
974 2656 1090 2735 οἰκίας,
1130 2661 1289 2743 κάμπους,
1324 2657 1496 2742 περιβύλια

219 2783 275 2844 καί
301 2783 450 2868 κτήματα
480 2778 512 2844 ἐν
541 2791 579 2868 τῇ
602 2779 931 2847 Κωνσταντινουπύλει
958 2785 1013 2846 καί
1040 2785 1128 2868 πάση
1153 2792 1192 2868 τῇ
1217 2781 1365 2864 βασιλεία
1389 2776 1493 2866 ἡμῶν,

222 2901 308 2990 ὅμως
340 2901 356 2968 ὁ
385 2909 608 2992 προειρημένος
635 2913 694 2991 κύρ
725 2906 799 2981 δούξ
825 2910 881 2973 καί
908 2908 943 2969 τύ
970 2906 1159 2990 κουμούνιον
1190 2903 1351 2980 Βενετίας,
1384 2923 1493 2968 κατα-

220 3036 365 3103 νοοῦντες
392 3029 447 3115 τὴν
469 3039 633 3115 παροῦσαν
657 3033 854 3095 κατάστασιν
878 3038 934 3115 τῆς
958 3029 1123 3113 βασιλείας
1146 3025 1250 3115 ἡμῶν,
1279 3025 1332 3091 ἵνα
1356 3025 1494 3107 ἐπιγνῶ-

222 3175 277 3241 μεν
301 3156 357 3241 τήν
382 3149 482 3220 αὐτῶν
506 3155 609 3242 καλην
634 3155 784 3221 διάθεσιν
807 3156 885 3241 πρὸς
909 3155 963 3241 την
986 3149 1142 3240 ἡμετέραν
1167 3157 1369 3240 συντήρησιν,
1394 3174 1494 3238 προε-

221 3281 377 3366 νοήσαντο
407 3277 471 3366 δδῲ
497 3285 685 3366 κουρτεσίας
714 3283 770 3344 καί
804 3277 931 3366 ἀγάπης
964 3276 1076 3364 ἀρέσαι
1103 3275 1175 3365 ημῖν
1202 3287 1312 3342 τοῦτον
1340 3279 1392 3343 τύν
1420 3281 1494 3364 τρύ-

220 3423 290 3482 πον,
314 3400 396 3468 τοῦτ’
422 3402 521 3480 ἐστιν,
553 3399 601 3468 ὅτι
625 3404 668 3489 μη
694 3400 928 3490 ἐλαττουμένων
952 3403 1005 3466 διὰ
1029 3411 1120 3467 τοῦτο
1144 3411 1252 3466 πασῶν
1276 3412 1336 3466 τῶν
1361 3400 1495 3466 ἐλευθε-

222 3537 294 3614 ριῶν
323 3549 356 3590 τε
384 3531 440 3591 καί
468 3537 675 3615 φραηηισιῶν,
712 3527 751 3600 ἀς
780 3527 893 3614 ἔχουσι
915 3531 971 3592 καί
995 3526 1081 3612 ἐχειν
1108 3524 1286 3616 ἀφείλουσιν
1315 3524 1345 3590 οἱ
1367 3525 1495 3591 Βενέτι-

221 3671 275 3716 κοι
298 3651 353 3714 διὰ
376 3659 435 3715 τῶν
464 3652 596 3736 τρεβῶν,
631 3653 811 3716 κωλύσουσι
836 3652 908 3725 τούς
933 3647 1033 3716 αύτῶν
1056 3649 1256 3730 Βενετίκους,
1293 3647 1373 3715 ὥστε
1399 3655 1497 3737 μέχρι

222 3783 278 3861 τῆς
307 3775 562 3860 συμπληρῶσεως
587 3779 642 3839 καί
671 3775 801 3858 διωρίας
830 3785 890 3841 τῶν
917 3785 1084 3859 παρουσῶν
1116 3777 1231 3860 τρεβῶν
1261 3776 1303 3861 μή
1333 3771 1496 3859 ἀγοράσαι

223 3895 376 3985 ἀσπητια,
412 3901 541 3976 τύπους,
576 3899 743 3984 περιβύλια
776 3901 831 3962 καί
866 3901 1029 3984 κτήματα,
1066 3897 1318 3984 έναπομενύντων
1350 3908 1409 3962 τῶν
1440 3906 1494 3963 νῦν

223 4020 319 4090 ὄντων
350 4021 382 4086 ἐν
411 4033 478 4095 ταῖς
513 4026 603 4109 χερσί
632 4033 691 4087 τῶν
720 4022 894 4089 Βενετίκων
930 4027 1010 4108 μετὰ
1037 4029 1097 4087 τῶν
1132 4026 1252 4108 τρύπων
1281 4021 1409 4088 ἐκείνων
1437 4026 1496 4086 καί

223 4157 282 4217 τῶν
306 4151 548 4228 καταστάσεων,
584 4143 663 4212 καθ’
692 4147 731 4220 ἃς
757 4151 932 4234 κατέχουσι
956 4156 1056 4212 ταῦτα
1078 4151 1162 4212 κατὰ
1185 4151 1221 4212 εδ
1243 4150 1358 4232 παρὸν,
1394 4147 1496 4235 δηλο-

222 4279 426 4360 πυιουμένυυ,
464 4271 491 4336 εἰ
518 4273 574 4335 καί
601 4273 640 4335 τὰ
668 4271 809 4357 μάλιστα
843 4273 896 4336 διὰ
924 4279 982 4336 τῶν
1011 4275 1129 4355 τρεβῶν
1157 4269 1272 4346 ἱκανῶς
1302 4270 1367 4337 ἐστι
1395 4273 1495 4358 δηλυν

222 4401 277 4462 καί
302 4394 338 4462 ού
362 4397 412 4460 δεῖ
440 4393 489 4460 ἐπὶ
515 4396 612 4460 πλείω
648 4399 858 4483 σαφηνίσεως,
896 4391 945 4458 ύτι
971 4394 1025 4457 διὰ
1052 4395 1106 4480 την
1135 4394 1301 4484 εἰρημένην
1334 4399 1494 4484 πρόφασιν

224 4517 358 4606 ούδεμία
381 4504 545 4607 καινύτης,
583 4519 687 4596 δύσις,
723 4523 919 4604 κυμμέρκιον
942 4515 961 4605 ἢ
988 4515 1170 4605 ἐμφύιευμα
1193 4520 1364 4606 δυνήσεται
1388 4517 1494 4584 ἐπιτε-

222 4646 322 4730 θῆναι
360 4639 399 4706 δι’
428 4639 516 4729 ἡμῶν
545 4665 578 4707 τε
602 4645 658 4708 καί
680 4651 736 4731 τῆς
762 4641 926 4726 βασιλείας
960 4636 1047 4727 ἡμῶν
1084 4637 1133 4706 ἐπὶ
1167 4653 1234 4717 ταῖς
1261 4641 1392 4724 οἰκίαις,
1430 4655 1495 4718 τοῖς

223 4769 344 4849 τύποις,
380 4775 443 4840 τοῖς
478 4769 620 4854 κτημασι
647 4769 703 4831 καί
730 4766 921 4853 περιβολίοις
951 4775 1015 4838 τοῖς
1044 4773 1095 4832 νῦν
1125 4762 1212 4833 ούσιν
1247 4764 1279 4831 ἐν
1307 4777 1374 4841 ταῖς
1402 4772 1495 4854 χερσί
