3132 5268
1269 373 1332 438 18³

77 571 162 648 κυρού
195 563 413 651 Ἀνδρονίκου,
451 564 483 630 ἐν
511 564 636 652 Χριστῷ
663 565 704 650 τῷ
730 568 797 653 θεῷ
822 577 933 634 πιστοῦ
969 564 1124 652 βασιλέως
1151 569 1208 631 καί
1234 561 1332 632 αύτο-

77 693 220 776 κριίτορος
244 689 418 776 Ῥωμαίων,
446 699 501 756 τού
529 691 770 772 Παλαιολόγου,
794 703 850 760 τού
874 695 967 758 θείου
990 703 1045 780 τῆς
1074 687 1238 777 βασιλείας
1263 713 1331 778 μου,

75 823 224 889 ποιοῦντος
258 812 331 903 ἡμῖν
362 821 418 882 καί
450 828 488 904 τή
511 813 651 904 ἡμετέρα
682 815 831 901 βασιλεία
861 827 915 884 τού
940 816 1107 906 εἰρημένου
1139 815 1329 903 ἀποκρισια-

76 944 146 1024 ρίου,
181 941 329 1004 συνδίκου
355 944 411 1005 καί
438 939 602 1027 ἐπιτρόπου
631 939 763 1028 όνόματι
785 945 842 1007 καί
864 941 978 1028 δικαίῳ
1003 951 1057 1007 τού
1081 939 1247 1029 εἰρημένου
1271 962 1329 1006 κυ-

74 1073 122 1148 ροῶ
144 1065 258 1138 δουκάς
281 1069 338 1130 καί
368 1075 423 1130 τού
454 1064 644 1151 κουμουνίυυ
672 1065 820 1140 Βενετίας
843 1065 1030 1154 δεχομένοις
1054 1070 1110 1133 καί
1132 1067 1332 1152 λαμβάνουσι

74 1187 169 1266 τέλος,
205 1187 405 1276 ἐλευθερίαν,
442 1186 613 1278 ὑπόσχεσιν
644 1197 699 1256 καί
724 1189 921 1280 συμφωνίαν,
956 1189 1037 1257 ὥστε
1063 1191 1108 1266 εὶς
1132 1194 1167 1257 τό
1190 1189 1262 1278 έΕής
1287 1192 1329 1278 μή

74 1313 202 1380 ἀπαιτεῖν
229 1313 250 1402 ἢ
283 1317 487 1404 μνημονεύειν
521 1320 590 1403 περί
618 1327 677 1382 τῶν
712 1315 944 1406 προειρημένων
977 1319 1055 1405 πρός
1084 1313 1170 1404 ἡμᾶς
1196 1318 1330 1401 καλιήν

73 1441 225 1522 βασιλείαν
241 1437 340 1526 ήμῶν,
365 1443 437 1514 τούς
454 1464 487 1506 τε
504 1443 723 1529 κληρονόμους
744 1447 800 1506 καί
822 1443 996 1529 διαδόχους
1019 1440 1117 1529 ἡμῶν,
1141 1445 1198 1508 καί
1214 1440 1330 1528 όμείως

71 1559 151 1647 ἡμεῖς
178 1559 194 1626 ό
219 1564 370 1646 βασιλεύς
403 1568 460 1628 καί
486 1560 506 1650 ἡ
536 1565 685 1648 βασιλεία
718 1561 807 1652 ήμῶν
835 1563 875 1630 δι’
909 1563 998 1653 ήμῶν
1032 1569 1089 1630 καί
1123 1576 1182 1629 τῶν
1210 1565 1330 1652 κληρο-

72 1691 163 1772 νόμων
186 1692 242 1753 καί
270 1688 431 1774 διαδόχων
454 1684 543 1776 ἡμῶν
568 1686 699 1777 ἀφίεμεν
723 1690 777 1754 διά
804 1697 859 1776 τῆς
882 1691 1045 1776 παρούσης
1070 1693 1251 1777 συμφωνίας
1273 1692 1330 1754 καί

72 1814 187 1896 τρέβας,
224 1811 401 1900 ἀποροῦμεν
436 1812 494 1878 καὶ
522 1812 737 1900 ἀνατρέπομεν
764 1813 821 1880 καὶ
848 1815 1050 1900 καταλύομεν
1084 1817 1190 1886 πάσας
1218 1836 1250 1878 τε
1273 1817 1330 1878 καί

72 1933 199 2010 ἑκάστας
224 1939 281 2010 τὰς
305 1935 407 2011 ἀλλας
436 1936 564 2010 ἀδικίας
590 1941 647 2002 καί
677 1939 855 2025 βαρύτητας
878 1941 934 2004 καί
957 1943 1073 2025 ζημίας
1099 1941 1156 2010 τὰς
1180 1935 1327 2024 όπωσδή·

71 2081 134 2125 ποτε
168 2061 399 2150 ἐπενεχθείσας
434 2058 507 2150 ἡμῖν
535 2065 591 2126 καί
618 2073 657 2150 τη
687 2063 837 2146 βασιλεία
864 2059 1031 2148 ἡμῶνκαὶ
1055 2073 1329 2168 ηοῖςπροηγησα-

72 2190 164 2268 μένοις
187 2183 274 2273 ἡμᾶς
299 2187 352 2252 διὰ
376 2195 430 2250 τού
457 2190 686 2272 προειρημένου
714 2195 811 2271 κυροῖ)
842 2187 958 2260 δουκός
981 2191 1036 2250 καί
1060 2195 1115 2250 τού
1138 2190 1327 2272 κουμουνίυυ

71 2309 221 2388 Βενετίας,
258 2323 317 2376 τῶν
341 2335 374 2376 τε
398 2315 583 2376 καπετιίνων
618 2321 678 2376 τῶν
701 2311 892 2391 Βενετίκων,
928 2311 990 2378 εἴτε
1018 2305 1091 2397 παρ’
1121 2309 1328 2399 οἱωνδήτινων

71 2434 163 2500 ἀλλων
191 2433 416 2524 δφφιιιιαλίων,
445 2445 643 2523 προνοητῶν,
677 2433 848 2520 ρειιτόρων,
880 2440 937 2501 καί
958 2439 1083 2502 πάντων
1107 2434 1212 2502 ἀλλων
1236 2434 1329 2501 σίων·

70 2559 190 2646 δήτινων
220 2559 480 2646 ὑποτεταγμένων
515 2559 557 2646 τῴ
578 2559 663 2646 κυρῴ
690 2561 780 2626 δουκί
807 2565 863 2624 καί
891 2560 934 2646 τῷ
956 2564 1134 2646 κουμουνίιρ
1169 2559 1328 2639 Βενετίας,

69 2687 115 2747 καί
141 2685 178 2772 δή
209 2683 272 2750 ἀπὸ
301 2695 360 2750 τῶν
388 2688 622 2771 προειρημένων
650 2686 773 2749 ποίντων
801 2688 858 2748 καί
886 2682 1029 2750 έκοίστων
1058 2695 1118 2749 τῶν
1143 2686 1328 2771 συμβάντων

68 2813 114 2870 καί
145 2813 321 2894 γενομένων
360 2813 416 2873 καί
454 2806 688 2895 ἐπενεχθέντων
728 2806 872 2873 ἔστωσαν
910 2809 1058 2872 καθόλου
1097 2806 1329 2894 ἀπολελυμένοι

68 2935 115 2994 καί
137 2930 406 3019 ἀναπεπαυμένοι,
440 2931 654 3006 ἀναπαύοντος
678 2935 734 2998 καί
759 2928 952 3006 ἀπολύοντες
975 2935 1031 2996 καί
1055 2931 1100 3005 εἰς
1124 2936 1158 2998 τό
1183 2933 1329 3020 διηνεκές

69 3052 299 3144 ἐλευθεροῦντες
331 3061 383 3123 τόν
415 3057 579 3144 εἰρημένον
614 3066 672 3142 κύρ
708 3057 828 3122 δούκαν
858 3060 915 3120 καί
946 3058 981 3120 τό
1005 3058 1194 3140 κουμούνιον
1227 3055 1323 3122 Βενε-

69 3183 138 3258 τίας,
175 3182 248 3254 τούς
272 3182 370 3256 λαούς
403 3177 504 3246 αὐτῶν
528 3185 583 3246 καί
607 3181 679 3256 τούς
707 3175 978 3266 ύποτεταγμίνσυς
1002 3175 1108 3252 αύτοίς
1132 3177 1194 3244 ἀπό
1218 3189 1327 3244 πασῶν

68 3313 116 3366 τῶν
138 3310 373 3392 προειρημένων
402 3303 534 3370 ἀδικιῶν
564 3309 620 3369 καί
644 3313 704 3368 τῶν
727 3301 833 3368 ἀλλων
857 3299 1063 3390 ὁπωσδήποτε
1086 3300 1159 3392 ἡμῖν
1182 3308 1238 3368 καί
1263 3316 1326 3378 τοῖς

67 3433 334 3516 προηγησαμένοις
370 3425 455 3516 ἡμᾶς
489 3433 545 3492 καί
575 3439 612 3515 τή
640 3424 779 3514 ἡμετέρα
807 3427 955 3511 βασιλεία
982 3424 1217 3514 ἐπενεχθέντων
1246 3449 1325 3514 προ-

68 3557 251 3639 σκομμάτων
285 3557 341 3618 καί
376 3558 496 3640 ζημιῶν
531 3557 626 3640 μέχρι
654 3562 710 3639 τῆς
739 3553 902 3639 παρούσης
937 3554 1075 3638 σήμερον
1110 3548 1246 3640 ἡμέρας,
1283 3549 1325 3626 ῶς

69 3673 200 3764 ἀνωτέρω
234 3683 432 3765 προείρηται,
469 3675 531 3743 ἀπὸ
567 3687 621 3744 τού
656 3685 770 3764 καιρού
801 3687 861 3742 τῶν
897 3676 1085 3744 τελευταίων
1119 3680 1235 3764 τρεβῶν
1264 3689 1323 3746 τῶν

69 3807 232 3888 γενομένων
268 3801 300 3867 ἐν
334 3814 373 3890 τή
400 3801 732 3868 Κωνσταντινοιιπόλει
759 3805 815 3866 καί
850 3799 895 3874 είς
929 3803 964 3865 τό
993 3799 1073 3888 έξής.
1109 3806 1180 3888 περί
1203 3803 1238 3866 δὲ
1263 3813 1323 3866 τῶν

68 3925 155 4008 ἔργων
184 3936 240 4014 τῆς
268 3925 405 3994 Τενέδου
433 3928 574 4014 μηδεμία
605 3923 751 4007 γενέσθω
779 3928 887 4012 μνήμη
918 3930 1003 3992 κατὰ
1031 3929 1066 3990 τύ
1088 3929 1203 4012 παρόν,
1239 3923 1324 3990 ἀλλὰ

68 4056 235 4131 μενέτωσαν
271 4047 368 4125 ούτως
403 4049 436 4118 ἐν
472 4055 632 4138 μετεώρῳ,
669 4049 782 4138 μέχρις
811 4047 849 4116 ἀν
877 4047 894 4114 ό
924 4047 1096 4136 ὡρισμένος
1125 4053 1240 4136 χρόνος
1267 4058 1323 4136 τῆς

67 4179 217 4264 καρούσης
251 4173 362 4262 τρέβας
397 4176 543 4262 διαμίνη.
574 4175 620 4240 ἔτι
647 4175 682 4239 δέ
713 4176 755 4262 μή
790 4172 963 4260 νοουμένου
991 4174 1045 4238 διὰ
1076 4183 1131 4260 της
1159 4175 1322 4261 παρούσης

67 4301 167 4382 τρέβας
190 4298 248 4365 καὶ
271 4305 467 4388 συμφωνίας,
503 4297 552 4365 ότι
587 4299 641 4365 ἐὰν
678 4297 736 4364 ῶσί
764 4318 833 4363 τινα
862 4298 1041 4384 συμβόλαια
1068 4301 1124 4362 καί
1147 4301 1323 4385 συμφωνίαι

67 4418 81 4506 ἢ
108 4427 321 4512 στοιχήματα,
357 4422 389 4500 ἐξ
417 4421 459 4488 ὧν
492 4423 512 4512 ἢ
543 4423 580 4489 έκ
609 4433 664 4510 τής
698 4425 860 4509 δυνάμεως
895 4419 1022 4487 ἐκείνων
1057 4424 1137 4494 τινὲς
1171 4419 1322 4508 Ῥωμαῖοι

67 4539 296 4635 ἀποτεταγμένοι
322 4546 342 4636 ή
365 4551 470 4613 πιστοί
493 4545 581 4635 ἡμῶν
604 4551 661 4612 καί
691 4556 747 4632 τῆς
777 4543 933 4634 ἡμετέρας
965 4545 1130 4630 βασιλείας
1157 4543 1322 4633 ἐνέχονται

67 4669 265 4762 ἧδφείλοοσι
298 4673 479 4748 Βενετίκοις
514 4678 592 4739 τισίν
627 4669 892 4758 ύποτεταγμένοις
926 4675 982 4736 καί
1014 4681 1135 4744 πιστοῖς
1163 4670 1205 4757 τῷ
1237 4669 1322 4756 κυριβ

67 4795 146 4866 δουκί
168 4804 221 4866 καί
244 4798 288 4888 τῷ
310 4797 489 4886 κουμουνίιρ
504 4797 667 4878 Βενετίας,
691 4795 711 4886 ἢ
737 4783 892 4864 ἀνάπαλίν
915 4794 1078 4865 Βενέτικοί
1102 4815 1182 4870 τινες
1206 4791 1320 4862 ύποτε-
