3148 5268
1278 407 1320 470 85

65 597 125 668 κὸς,
152 603 206 656 τοῦ
235 599 426 678 κουμουνέου
455 599 588 680 καὶτῆς
620 592 773 682 ὁλότητος
800 595 949 668 Βενετίας
977 601 1158 685 συμφωνίαν
1182 602 1236 662 καὶ
1260 615 1321 663 κα-

64 721 159 800 θαρὰν
186 719 303 802 τρέβαν
339 722 417 802 μετὰ
442 729 498 804 τῆς
522 719 690 802 βασιλείας
720 716 824 805 ἡμῦν,
859 721 973 795 καθιδς
1008 719 1195 810 ἀμφαίνεται
1222 719 1255 786 έν
1283 735 1323 810 τῇ

63 839 220 920 ἀναθέσει,
246 841 284 927 ἡν
306 837 379 928 ἡμῖν
403 840 600 928 ἐνεχείρισαν
629 842 906 932 έπεκεκυρωμένην
930 856 969 932 τῇ
992 845 1114 932 βσὺλλη
1138 853 1193 910 τοῦ
1217 849 1321 912 τοιοῦ-

63 989 107 1030 ιου
134 963 304 1052 ἐπιφανοῦς
339 967 456 1039 δυυκός
488 971 546 1032 καὶ
573 976 627 1032 τοῦ
662 974 853 1054 κυυμουνέυυ
882 973 939 1034 καὶ
970 965 1253 1057 ὑπογεγραμμένην
1283 983 1321 1058 τη

62 1094 134 1176 χειρὶ
163 1099 219 1154 τοῦ
246 1089 397 1176 Κυράδου
427 1101 482 1156 τοῦ
509 1093 724 1178 καγγελαρίυο
752 1102 807 1178 τής
834 1090 935 1182 αάλής
958 1102 1014 1158 τοῦ
1037 1095 1184 1162 τοιοῦτου
1211 1092 1320 1184 έπιφσ·

60 1223 121 1286 νοῦς
143 1215 271 1291 δυυκός,
295 1211 335 1302 ἡς
358 1218 393 1279 τῦ
418 1211 496 1304 ὑφυς
519 1224 661 1280 τοιοῦτον
686 1215 763 1282 έστέ·

137 1336 245 1425 Ἡμεῖς
271 1338 423 1422 Ἰάκωβος
451 1337 654 1425 Κονταρῖνυς,
690 1343 770 1406 θεοῦ
798 1347 906 1428 χάριτι
936 1339 1099 1420 Βενετέας,
1136 1341 1320 1427 Δαλματίας

59 1468 104 1527 καὶ
138 1462 319 1548 Χορβατίας
353 1463 441 1542 δοὺξ,
479 1459 638 1550 αὐθέντης
673 1475 733 1529 τῶν
762 1475 874 1551 χωρῶν
902 1469 957 1530 καί
983 1468 1088 1552 νήσων
1111 1464 1154 1554 τῷ
1176 1462 1320 1574 ἡμετέρῳ

58 1589 195 1671 δουκάτιρ
224 1582 498 1674 ὑποτεταγμένων,
528 1588 762 1674 δηλοπυιυῦμεν
790 1589 844 1653 διὰ
872 1598 926 1653 τοῦ
954 1581 1051 1676 ὑφους
1075 1601 1136 1654 τῶν
1158 1591 1320 1676 παρόντων

57 1721 125 1776 πᾶσι
148 1723 214 1784 τοῖς
243 1714 278 1776 τὸ
305 1713 408 1796 παρὸν
437 1707 514 1798 ὑφος
542 1713 771 1797 θεασομένοις,
809 1707 852 1784 ὑις
880 1711 924 1785 εἰς
953 1709 1054 1797 ὄνομα
1082 1710 1236 1800 ἡμέτερον
1263 1717 1319 1778 καί

58 1845 104 1899 τοῦ
137 1831 295 1922 ἡμετέρου
329 1839 521 1920 κυυμουνέου
555 1835 705 1908 Βενετέας
741 1840 820 1921 μετὰ
848 1846 905 1922 τής
933 1833 1090 1924 ἡμετέρας
1118 1847 1232 1922 μικροῖς
1263 1841 1319 1902 καί

57 1963 193 2044 μείζονος
224 1959 342 2046 βουλῆς
372 1957 589 2046 ἀνατιθέαμεν
618 1969 681 2034 τοῖς
714 1955 854 2038 εδγενέσι
888 1963 944 2024 καὶ
975 1965 1139 2049 φρονίμοις
1174 1957 1318 2047 ἀνδράσι,

57 2083 92 2169 τῷ
112 2107 144 2148 τε
166 2081 292 2170 Μάρκῳ
315 2081 460 2169 Μτέμπιμ
476 2088 532 2148 καί
560 2086 603 2170 τῷ
623 2081 784 2169 Ματθαῖῳ
812 2083 1004 2170 Γραδενέκιμ,
1029 2095 1092 2158 τοῖς
1114 2097 1235 2156 πιστοῖς
1257 2105 1317 2150 πυ-

56 2209 146 2280 λίταις
168 2211 227 2272 τιαέ
249 2204 469 2294 ἠγαπημένοις
492 2205 596 2294 ἡμῶν,
620 2207 678 2272 καὶ
699 2209 805 2295 πλήρη
828 2209 960 2294 δύναμιν
976 2212 1032 2273 καὶ
1052 2207 1196 2284 ἐξουσίαν
1213 2203 1317 2282 αὐτοῖς

54 2332 197 2417 διδέαμεν
230 2333 285 2398 διὰ
313 2340 367 2418 τῆς
397 2329 594 2419 ἀρχηγεσέοις
622 2343 683 2398 τῶν
710 2335 873 2418 παρέντων
899 2335 956 2398 καί
980 2341 1233 2418 παραχωροῦμεν
1262 2341 1316 2398 τοῦ

54 2456 250 2542 ιρακταΐσαι,
284 2467 419 2544 ποιήσαι
453 2462 510 2524 καῖ
545 2468 720 2544 στερεῦσαι
755 2457 869 2543 τρέβαν
901 2461 981 2543 μετὰ
1012 2465 1067 2524 τοῦ
1103 2457 1316 2542 αἰθριωττέτοα

52 2587 149 2667 κυρίου
172 2581 322 2670 Μιχαήλ,
348 2579 380 2648 έν
408 2581 534 2668 Χριστῷ
563 2579 605 2667 tq}
631 2581 699 2667 θεῷ
719 2590 831 2646 πιστοῦ
853 2582 1010 2666 βασιλέως
1034 2579 1092 2648 καὶ
1115 2575 1314 2667 αὑτοκράτυ-

54 2732 98 2792 ρυτ
119 2707 299 2795 Ῥωμαίων,
324 2709 434 2776 Δοῦκα
464 2707 619 2788 Ἀγγέλυυ
643 2705 813 2793 Κομνηντιῦ
835 2716 890 2772 τοῦ
913 2705 1141 2786 Παλαιυλέγου
1164 2711 1220 2772 καί
1243 2711 1315 2774 νέου

52 2831 299 2916 Κωνσταντένυο,
327 2829 408 2898 ὣστε
432 2834 488 2919 τήν
511 2833 659 2918 τοιαύτην
691 2831 804 2916 τρέβαν
826 2840 958 2917 ποιήσαι
981 2835 1037 2896 καί
1061 2841 1234 2915 στερεῦισαι
1257 2831 1314 2896 δυ-

52 2959 182 3044 νηθήναι
211 2957 257 3032 εἰς
284 2955 436 3044 ἡμέτερον
465 2961 520 3022 καέ
548 2965 603 3022 τοῦ
631 2957 774 3022 τοιοῦτον
802 2951 957 3042 ἡμετέρου
990 2961 1182 3042 κοομουνέυυ
1212 2953 1314 3042 ὄνομα

52 3085 152 3168 μέχρις
188 3080 314 3150 ἐκείνου
338 3090 393 3146 τοῦ
421 3090 549 3167 καιροῦ,
585 3075 621 3146 οὑ
650 3075 756 3154 αὑτοῖς
779 3091 878 3168 φανῇ,
914 3083 970 3146 καί
998 3077 1064 3166 μετ’
1093 3077 1223 3146 έκεῖνων
1251 3091 1312 3146 τῶν

52 3211 177 3292 τρέπων,
208 3205 252 3274 ὧν
281 3202 386 3282 αὐτοῖς
414 3217 550 3294 φανῶσι,
579 3209 635 3272 καὶ
663 3206 777 3278 καθιδς
802 3207 961 3291 μετὰτυῦ
989 3206 1132 3270 τοιούτου
1156 3205 1312 3288 βασιλέως

50 3331 168 3396 ἔσονται
183 3337 242 3396 καί
257 3333 439 3418 δυνηθῶσιν
455 3331 537 3396 εἶναι
553 3331 587 3394 έν
604 3331 809 3416 συμβιβάσει,
834 3326 1035 3416 ὑποσχέσεις,
1061 3327 1311 3417 ένοχοποιήσετς,

50 3453 221 3544 ἀσφαλείας
244 3459 302 3522 καέ
325 3451 440 3542 ὅρκους
466 3464 599 3540 ποιήσαι
626 3457 681 3518 καὶ
706 3454 864 3529 δέξασθαι
888 3450 964 3538 ὑπέρ
989 3455 1101 3520 τοῦτου
1130 3457 1187 3520 καὶ
1209 3457 1313 3522 πάντα

49 3585 95 3644 καί
126 3579 269 3660 ἕκαστα,
306 3577 397 3646 ἅτινα
426 3577 457 3644 έν
487 3591 550 3652 τοῖς
584 3580 792 3665 προρρηθεῐσι
827 3575 883 3644 καὶ
915 3581 985 3664 περὶ
1019 3581 1058 3642 τὰ
1090 3581 1313 3666 προρρηθέντα

49 3701 143 3780 αὑτοῖς
167 3707 297 3782 δόξουσι
320 3709 376 3772 καί
399 3703 529 3772 έσονιαι
552 3701 723 3784 ἀναγκαῖα,
748 3705 862 3776 καθὼς
886 3699 925 3768 ἂν
948 3700 1037 3792 ἡμεῖς
1062 3709 1143 3790 μετὰ
1166 3713 1220 3770 τοῦ
1245 3728 1311 3770 τοι-

48 3831 131 3896 οῦτου
157 3827 318 3916 ἡμετέρου
352 3833 542 3915 κυομουνέυυ
577 3825 783 3915 ἡδονήθημεν
810 3837 957 3915 ποιήσαι,
993 3824 1237 3914 ὑπισχνούμενοι
1264 3827 1311 3902 εἰς

47 3949 193 4041 ἡμέτερον
216 3957 274 4019 καί
294 3963 350 4018 τοῦ
371 3955 513 4020 τοιουτου
536 3949 693 4040 ἡμετέρου
716 3956 906 4038 κουμυυνέυυ
922 3951 1069 4025 Βενετέας
1093 3947 1205 4038 ὄνομα,
1231 3956 1311 4038 μετὰ

48 4089 98 4142 τῦν
127 4079 247 4156 έέόδων
275 4083 330 4144 καὶ
359 4087 414 4165 τής
442 4079 699 4166 ένυχοποιήσεως
726 4079 851 4144 πάντων
882 4087 941 4142 τῶν
966 4075 1101 4158 ἀγαθῶν
1124 4086 1181 4142 τοῦ
1203 4079 1309 4142 τοιοῦ-

48 4225 93 4267 του
122 4202 283 4292 ἡμετέρου
318 4207 510 4289 κουμυυνέου
545 4205 674 4288 βέβαιον
708 4206 764 4266 καῖ
799 4203 926 4288 στερεὸν
966 4202 1053 4289 ἔχειν
1091 4205 1147 4268 κσέ
1184 4213 1309 4288 κρατεῖν

47 4331 138 4394 τάντα
173 4333 231 4399 καὶ
261 4325 402 4408 ἕκαστα,
436 4323 529 4394 ἅτινα
557 4325 587 4392 οἱ
615 4321 766 4413 ῥηθέντες
802 4318 939 4405 εάγενεῖς
966 4323 985 4412 ἡ
1015 4328 1133 4392 τουτων
1159 4329 1309 4412 θάτερος,

48 4453 84 4528 τὶς
106 4451 141 4519 οὑ
166 4468 279 4542 χεῖρας
302 4450 322 4541 ἡ
352 4454 482 4540 τοιαῦτη
510 4449 651 4540 ἡμετέρα
675 4449 830 4525 ἀνάθεσις
855 4448 994 4539 έμφανή,
1020 4447 1052 4514 έν
1080 4463 1144 4526 τοῖς
1171 4473 1309 4538 προφρη·

48 4579 122 4642 θεῖσι
145 4577 296 4666 καὶπερὶ
320 4581 358 4644 τά
380 4579 603 4663 προρρηθέντα
623 4579 808 4662 ποιήσουσιν
831 4572 851 4662 ἡ
875 4578 1016 4660 ποιήσει,
1041 4579 1098 4639 καί
1120 4573 1173 4640 ἵνα
1195 4572 1216 4662 ἡ
1241 4597 1308 4643 τυτ-

52 4702 117 4788 ιῦιη
144 4700 287 4790 ἡμετέρα
324 4699 480 4776 ἀνάθεσις
514 4701 620 4787 πλήρη
656 4701 824 4784 βεβαέοσιν
851 4695 924 4774 έέει.
953 4699 1070 4785 ταύτην
1101 4710 1139 4787 τη
1170 4696 1312 4786 ἡμετέρη

53 4825 205 4916 μολιβδένη
229 4827 350 4914 βοῦλλη
380 4825 650 4914 κατοχυρωθήναι
679 4824 931 4911 προσετάξαμεν,
958 4825 1014 4888 καί
1036 4822 1090 4892 διὰ
1117 4827 1225 4910 χειρὸς
1253 4832 1308 4928 τοῦ
