<?xml version="1.0" encoding="UTF-8"?>
<!DOCTYPE html PUBLIC "-//W3C//DTD XHTML 1.0 Transitional//EN"
    "http://www.w3.org/TR/xhtml1/DTD/xhtml1-transitional.dtd">
<html xmlns="http://www.w3.org/1999/xhtml" xml:lang="en" lang="en">
 <head>
  <title>
</title>
<meta http-equiv="Content-Type" content="text/html;charset=utf-8" />
  <meta name='ocr-system' content='tesseract 3.04.00' />
  <meta name='ocr-capabilities' content='ocr_page ocr_carea ocr_par ocr_line ocrx_word'/>
</head>
<body>
  <div class='ocr_page' id='page_1' title='image "./actaetdiplomata03miklgoog_0370.png"; bbox 0 0 3164 5264; ppageno 0'>
   <div class='ocr_carea' id='block_1_1' title="bbox 1277 344 1343 412">
    <p class='ocr_par' dir='ltr' id='par_1_1' title="bbox 1277 344 1343 412">
     <span class='ocr_line' id='line_1_1' title="bbox 1277 344 1343 412; baseline -0.03 0"><span class='ocrx_word' id='word_1_1' title='bbox 1277 344 1343 412; x_wconf 82' lang='lat'>319</span> 
     </span>
    </p>
   </div>
   <div class='ocr_carea' id='block_1_2' title="bbox 57 528 1347 4568">
    <p class='ocr_par' dir='ltr' id='par_1_2' title="bbox 67 528 1346 994">
     <span class='ocr_line' id='line_1_2' title="bbox 67 528 1346 624; baseline 0.006 -30"><span class='ocrx_word' id='word_1_2' title='bbox 67 528 183 604; x_wconf 79' lang='grc' dir='ltr'>δίστος</span> <span class='ocrx_word' id='word_1_3' title='bbox 207 532 265 596; x_wconf 83' lang='grc' dir='ltr'>καί</span> <span class='ocrx_word' id='word_1_4' title='bbox 293 530 459 620; x_wconf 78' lang='grc' dir='ltr'>ἀνατολῆς</span> <span class='ocrx_word' id='word_1_5' title='bbox 483 541 539 622; x_wconf 80' lang='grc' dir='ltr'>της</span> <span class='ocrx_word' id='word_1_6' title='bbox 563 531 736 610; x_wconf 82' lang='grc' dir='ltr'>αδδιντίας</span> <span class='ocrx_word' id='word_1_7' title='bbox 768 553 829 623; x_wconf 89' lang='grc' dir='ltr'>μου</span> <span class='ocrx_word' id='word_1_8' title='bbox 852 539 909 602; x_wconf 80' lang='grc' dir='ltr'>καί</span> <span class='ocrx_word' id='word_1_9' title='bbox 931 545 989 624; x_wconf 84' lang='grc' dir='ltr'>της</span> <span class='ocrx_word' id='word_1_10' title='bbox 1011 531 1184 612; x_wconf 76' lang='grc' dir='ltr'>αδδεντίας</span> <span class='ocrx_word' id='word_1_11' title='bbox 1207 545 1263 603; x_wconf 82' lang='grc' dir='ltr'>τοῦ</span> <span class='ocrx_word' id='word_1_12' title='bbox 1287 551 1346 624; x_wconf 79' lang='grc' dir='ltr'>μ’τ-</span> 
     </span>
     <span class='ocr_line' id='line_1_3' title="bbox 68 651 1346 748; baseline 0.008 -32"><span class='ocrx_word' id='word_1_13' title='bbox 68 657 172 732; x_wconf 87' lang='grc' dir='ltr'>γάλοο</span> <span class='ocrx_word' id='word_1_14' title='bbox 197 651 374 744; x_wconf 79' lang='grc' dir='ltr'>μαΐστορυς</span> <span class='ocrx_word' id='word_1_15' title='bbox 388 654 509 736; x_wconf 77' lang='grc' dir='ltr'>Ῥόδου,</span> <span class='ocrx_word' id='word_1_16' title='bbox 533 659 590 723; x_wconf 78' lang='grc' dir='ltr'>καί</span> <span class='ocrx_word' id='word_1_17' title='bbox 612 661 652 722; x_wconf 81' lang='grc' dir='ltr'>νά</span> <span class='ocrx_word' id='word_1_18' title='bbox 674 657 737 724; x_wconf 81' lang='grc' dir='ltr'>οἶνε</span> <span class='ocrx_word' id='word_1_19' title='bbox 758 663 943 748; x_wconf 84' lang='grc' dir='ltr'>κρατίμενοι</span> <span class='ocrx_word' id='word_1_20' title='bbox 964 657 985 748; x_wconf 81' lang='grc' dir='ltr'>ἡ</span> <span class='ocrx_word' id='word_1_21' title='bbox 1008 683 1088 748; x_wconf 81' lang='grc' dir='ltr'>τραγ</span> <span class='ocrx_word' id='word_1_22' title='bbox 1096 664 1291 748; x_wconf 81' lang='grc' dir='ltr'>ματιοτάδτς</span> <span class='ocrx_word' id='word_1_23' title='bbox 1306 666 1346 726; x_wconf 79' lang='grc' dir='ltr'>νά</span> 
     </span>
     <span class='ocr_line' id='line_1_4' title="bbox 67 778 1346 871; baseline 0.005 -29"><span class='ocrx_word' id='word_1_24' title='bbox 67 778 249 864; x_wconf 82' lang='grc' dir='ltr'>τληρδνουν</span> <span class='ocrx_word' id='word_1_25' title='bbox 272 779 327 844; x_wconf 81' lang='grc' dir='ltr'>διὰ</span> <span class='ocrx_word' id='word_1_26' title='bbox 350 790 419 854; x_wconf 70' lang='grc' dir='ltr'>ταῖς</span> <span class='ocrx_word' id='word_1_27' title='bbox 441 787 638 868; x_wconf 86' lang='grc' dir='ltr'>τραγματίις</span> <span class='ocrx_word' id='word_1_28' title='bbox 664 800 725 846; x_wconf 83' lang='grc' dir='ltr'>τιον</span> <span class='ocrx_word' id='word_1_29' title='bbox 748 785 787 848; x_wconf 81' lang='grc' dir='ltr'>τὰ</span> <span class='ocrx_word' id='word_1_30' title='bbox 810 786 998 871; x_wconf 84' lang='grc' dir='ltr'>κυομίρκηα</span> <span class='ocrx_word' id='word_1_31' title='bbox 1021 788 1077 848; x_wconf 81' lang='grc' dir='ltr'>καί</span> <span class='ocrx_word' id='word_1_32' title='bbox 1101 795 1169 858; x_wconf 77' lang='grc' dir='ltr'>ταῖς</span> <span class='ocrx_word' id='word_1_33' title='bbox 1192 785 1346 864; x_wconf 75' lang='grc' dir='ltr'>γατέλαις</span> 
     </span>
     <span class='ocr_line' id='line_1_5' title="bbox 67 901 902 994; baseline 0.008 -29"><span class='ocrx_word' id='word_1_34' title='bbox 67 905 155 965; x_wconf 82' lang='grc' dir='ltr'>κατὰ</span> <span class='ocrx_word' id='word_1_35' title='bbox 181 904 278 988; x_wconf 74' lang='grc' dir='ltr'>τάξην</span> <span class='ocrx_word' id='word_1_36' title='bbox 302 912 357 968; x_wconf 79' lang='grc' dir='ltr'>τοῦ</span> <span class='ocrx_word' id='word_1_37' title='bbox 381 907 487 982; x_wconf 73' lang='grc' dir='ltr'>σίτου,</span> <span class='ocrx_word' id='word_1_38' title='bbox 512 901 591 970; x_wconf 79' lang='grc' dir='ltr'>ὅπου</span> <span class='ocrx_word' id='word_1_39' title='bbox 614 906 732 970; x_wconf 80' lang='grc' dir='ltr'>δελυδν</span> <span class='ocrx_word' id='word_1_40' title='bbox 756 901 902 994; x_wconf 84' lang='grc' dir='ltr'>τίιρίδην.</span> 
     </span>
    </p>

    <p class='ocr_par' dir='ltr' id='par_1_3' title="bbox 68 1022 1345 1485">
     <span class='ocr_line' id='line_1_6' title="bbox 157 1022 1343 1117; baseline 0.003 -27"><span class='ocrx_word' id='word_1_41' title='bbox 157 1023 232 1090; x_wconf 89' lang='grc' dir='ltr'>Ἔτι</span> <span class='ocrx_word' id='word_1_42' title='bbox 259 1022 279 1112; x_wconf 85' lang='grc' dir='ltr'><strong>ἠ</strong></span> <span class='ocrx_word' id='word_1_43' title='bbox 308 1030 366 1112; x_wconf 81' lang='grc' dir='ltr'>μὲν</span> <span class='ocrx_word' id='word_1_44' title='bbox 395 1028 510 1115; x_wconf 78' lang='grc' dir='ltr'>σονίβη</span> <span class='ocrx_word' id='word_1_45' title='bbox 545 1031 674 1102; x_wconf 79' lang='grc' dir='ltr'>τιτοτὰς</span> <span class='ocrx_word' id='word_1_46' title='bbox 703 1028 842 1117; x_wconf 73' lang='grc' dir='ltr'>διάφορα</span> <span class='ocrx_word' id='word_1_47' title='bbox 870 1027 916 1102; x_wconf 84' lang='grc' dir='ltr'>ιὶς</span> <span class='ocrx_word' id='word_1_48' title='bbox 943 1029 999 1115; x_wconf 75' lang='grc' dir='ltr'>την</span> <span class='ocrx_word' id='word_1_49' title='bbox 1028 1033 1128 1116; x_wconf 82' lang='grc' dir='ltr'>μίσην</span> <span class='ocrx_word' id='word_1_50' title='bbox 1155 1031 1208 1094; x_wconf 82' lang='grc' dir='ltr'>τδν</span> <span class='ocrx_word' id='word_1_51' title='bbox 1238 1047 1343 1116; x_wconf 87' lang='grc' dir='ltr'>τραγ-</span> 
     </span>
     <span class='ocr_line' id='line_1_7' title="bbox 68 1145 1344 1238; baseline 0.006 -28"><span class='ocrx_word' id='word_1_52' title='bbox 68 1150 278 1232; x_wconf 81' lang='grc' dir='ltr'>ματευτάδιιν</span> <span class='ocrx_word' id='word_1_53' title='bbox 307 1148 352 1224; x_wconf 82' lang='grc' dir='ltr'>είς</span> <span class='ocrx_word' id='word_1_54' title='bbox 380 1172 414 1214; x_wconf 90' lang='grc' dir='ltr'>τι</span> <span class='ocrx_word' id='word_1_55' title='bbox 444 1145 654 1216; x_wconf 69' lang='grc' dir='ltr'>ὑποτακτικὸν</span> <span class='ocrx_word' id='word_1_56' title='bbox 681 1159 737 1238; x_wconf 81' lang='grc' dir='ltr'>της</span> <span class='ocrx_word' id='word_1_57' title='bbox 764 1147 936 1226; x_wconf 86' lang='grc' dir='ltr'>αδδτντίας</span> <span class='ocrx_word' id='word_1_58' title='bbox 964 1173 1025 1238; x_wconf 89' lang='grc' dir='ltr'>μου</span> <span class='ocrx_word' id='word_1_59' title='bbox 1052 1150 1192 1218; x_wconf 78' lang='grc' dir='ltr'>καὶτοῦ</span> <span class='ocrx_word' id='word_1_60' title='bbox 1220 1151 1344 1218; x_wconf 79' lang='grc' dir='ltr'>ίνδεσι-</span> 
     </span>
     <span class='ocr_line' id='line_1_8' title="bbox 69 1270 1345 1364; baseline 0.006 -29"><span class='ocrx_word' id='word_1_61' title='bbox 69 1277 215 1358; x_wconf 88' lang='grc' dir='ltr'>μοτάτοο</span> <span class='ocrx_word' id='word_1_62' title='bbox 247 1274 390 1360; x_wconf 85' lang='grc' dir='ltr'>μεγάλου</span> <span class='ocrx_word' id='word_1_63' title='bbox 418 1270 603 1359; x_wconf 76' lang='grc' dir='ltr'>μσΐοτορος,</span> <span class='ocrx_word' id='word_1_64' title='bbox 631 1277 671 1338; x_wconf 80' lang='grc' dir='ltr'>νὰ</span> <span class='ocrx_word' id='word_1_65' title='bbox 700 1271 880 1350; x_wconf 68' lang='grc' dir='ltr'>δειτάίοντε</span> <span class='ocrx_word' id='word_1_66' title='bbox 904 1279 943 1362; x_wconf 75' lang='grc' dir='ltr'>μὲ</span> <span class='ocrx_word' id='word_1_67' title='bbox 967 1277 1022 1364; x_wconf 73' lang='grc' dir='ltr'>την</span> <span class='ocrx_word' id='word_1_68' title='bbox 1050 1275 1153 1362; x_wconf 93' lang='grc' dir='ltr'>κρίσιν</span> <span class='ocrx_word' id='word_1_69' title='bbox 1178 1281 1265 1342; x_wconf 83' lang='grc' dir='ltr'>κατὰ</span> <span class='ocrx_word' id='word_1_70' title='bbox 1288 1278 1345 1364; x_wconf 76' lang='grc' dir='ltr'>την</span> 
     </span>
     <span class='ocr_line' id='line_1_9' title="bbox 70 1394 787 1485; baseline 0.004 -25"><span class='ocrx_word' id='word_1_71' title='bbox 70 1400 159 1472; x_wconf 73' lang='grc' dir='ltr'>τάξιν</span> <span class='ocrx_word' id='word_1_72' title='bbox 185 1405 241 1461; x_wconf 87' lang='grc' dir='ltr'>τοδ</span> <span class='ocrx_word' id='word_1_73' title='bbox 265 1399 371 1474; x_wconf 83' lang='grc' dir='ltr'>τδττυυ,</span> <span class='ocrx_word' id='word_1_74' title='bbox 396 1395 475 1462; x_wconf 83' lang='grc' dir='ltr'>δττοδ</span> <span class='ocrx_word' id='word_1_75' title='bbox 498 1397 616 1462; x_wconf 84' lang='grc' dir='ltr'>διλοδν</span> <span class='ocrx_word' id='word_1_76' title='bbox 640 1394 787 1485; x_wconf 74' lang='grc' dir='ltr'>εδρλδην.</span> 
     </span>
    </p>

    <p class='ocr_par' dir='ltr' id='par_1_4' title="bbox 64 1515 1347 1977">
     <span class='ocr_line' id='line_1_10' title="bbox 159 1515 1347 1610; baseline 0.003 -26"><span class='ocrx_word' id='word_1_77' title='bbox 159 1518 234 1584; x_wconf 88' lang='grc' dir='ltr'>Ἔτι</span> <span class='ocrx_word' id='word_1_78' title='bbox 250 1517 268 1585; x_wconf 83' lang='grc' dir='ltr'>δ</span> <span class='ocrx_word' id='word_1_79' title='bbox 285 1525 387 1605; x_wconf 88' lang='grc' dir='ltr'>μίγσς</span> <span class='ocrx_word' id='word_1_80' title='bbox 404 1517 544 1606; x_wconf 85' lang='grc' dir='ltr'>μαΐστισρ</span> <span class='ocrx_word' id='word_1_81' title='bbox 560 1525 616 1586; x_wconf 84' lang='grc' dir='ltr'>καί</span> <span class='ocrx_word' id='word_1_82' title='bbox 630 1517 689 1604; x_wconf 77' lang='grc' dir='ltr'>[τί]</span> <span class='ocrx_word' id='word_1_83' title='bbox 703 1515 909 1586; x_wconf 77' lang='grc' dir='ltr'>δτοτακτικοί</span> <span class='ocrx_word' id='word_1_84' title='bbox 924 1543 980 1588; x_wconf 90' lang='grc' dir='ltr'>του</span> <span class='ocrx_word' id='word_1_85' title='bbox 995 1527 1051 1586; x_wconf 78' lang='grc' dir='ltr'>καὶ</span> <span class='ocrx_word' id='word_1_86' title='bbox 1066 1518 1086 1610; x_wconf 80' lang='grc' dir='ltr'><strong>ἡ</strong></span> <span class='ocrx_word' id='word_1_87' title='bbox 1103 1525 1347 1609; x_wconf 84' lang='grc' dir='ltr'>τραγμστεοτά-</span> 
     </span>
     <span class='ocr_line' id='line_1_11' title="bbox 65 1637 1345 1730; baseline 0.005 -26"><span class='ocrx_word' id='word_1_88' title='bbox 65 1642 122 1714; x_wconf 84' lang='grc' dir='ltr'>δες</span> <span class='ocrx_word' id='word_1_89' title='bbox 147 1663 205 1706; x_wconf 91' lang='grc' dir='ltr'>του</span> <span class='ocrx_word' id='word_1_90' title='bbox 233 1651 289 1729; x_wconf 80' lang='grc' dir='ltr'>της</span> <span class='ocrx_word' id='word_1_91' title='bbox 317 1637 490 1716; x_wconf 80' lang='grc' dir='ltr'>αδδιντίας</span> <span class='ocrx_word' id='word_1_92' title='bbox 519 1663 574 1708; x_wconf 89' lang='grc' dir='ltr'>του</span> <span class='ocrx_word' id='word_1_93' title='bbox 596 1645 636 1708; x_wconf 81' lang='grc' dir='ltr'>νδ</span> <span class='ocrx_word' id='word_1_94' title='bbox 667 1641 856 1730; x_wconf 77' lang='grc' dir='ltr'>λμτυροδσιν</span> <span class='ocrx_word' id='word_1_95' title='bbox 878 1645 919 1707; x_wconf 77' lang='grc' dir='ltr'>νά</span> <span class='ocrx_word' id='word_1_96' title='bbox 943 1641 1098 1723; x_wconf 84' lang='grc' dir='ltr'>ιδγάλουν</span> <span class='ocrx_word' id='word_1_97' title='bbox 1121 1649 1178 1710; x_wconf 79' lang='grc' dir='ltr'>καί</span> <span class='ocrx_word' id='word_1_98' title='bbox 1199 1648 1239 1710; x_wconf 82' lang='grc' dir='ltr'>νά</span> <span class='ocrx_word' id='word_1_99' title='bbox 1263 1641 1345 1725; x_wconf 80' lang='grc' dir='ltr'>ἀγο-</span> 
     </span>
     <span class='ocr_line' id='line_1_12' title="bbox 65 1767 1344 1856; baseline 0.004 -26"><span class='ocrx_word' id='word_1_100' title='bbox 65 1771 187 1852; x_wconf 75' lang='grc' dir='ltr'>ράζοον</span> <span class='ocrx_word' id='word_1_101' title='bbox 216 1771 255 1852; x_wconf 72' lang='grc' dir='ltr'>μδ</span> <span class='ocrx_word' id='word_1_102' title='bbox 284 1767 325 1831; x_wconf 82' lang='grc' dir='ltr'>τά</span> <span class='ocrx_word' id='word_1_103' title='bbox 352 1770 494 1852; x_wconf 88' lang='grc' dir='ltr'>στάμινά</span> <span class='ocrx_word' id='word_1_104' title='bbox 518 1777 578 1831; x_wconf 76' lang='grc' dir='ltr'>τῶν</span> <span class='ocrx_word' id='word_1_105' title='bbox 605 1769 744 1853; x_wconf 86' lang='grc' dir='ltr'>σητάρη,</span> <span class='ocrx_word' id='word_1_106' title='bbox 779 1771 963 1855; x_wconf 84' lang='grc' dir='ltr'>κρηδάρην,</span> <span class='ocrx_word' id='word_1_107' title='bbox 1000 1772 1067 1842; x_wconf 71' lang='grc' dir='ltr'>ζῶα</span> <span class='ocrx_word' id='word_1_108' title='bbox 1089 1773 1146 1833; x_wconf 84' lang='grc' dir='ltr'>καὶ</span> <span class='ocrx_word' id='word_1_109' title='bbox 1168 1780 1257 1835; x_wconf 79' lang='grc' dir='ltr'>στᾶσα</span> <span class='ocrx_word' id='word_1_110' title='bbox 1281 1771 1344 1856; x_wconf 85' lang='grc' dir='ltr'>βη-</span> 
     </span>
     <span class='ocr_line' id='line_1_13' title="bbox 64 1885 957 1977; baseline 0.001 -23"><span class='ocrx_word' id='word_1_111' title='bbox 64 1889 247 1970; x_wconf 83' lang='grc' dir='ltr'>τουγοιλίαν</span> <span class='ocrx_word' id='word_1_112' title='bbox 271 1886 353 1956; x_wconf 78' lang='grc' dir='ltr'>ἀτοδ</span> <span class='ocrx_word' id='word_1_113' title='bbox 377 1889 451 1963; x_wconf 85' lang='grc' dir='ltr'>τοδς</span> <span class='ocrx_word' id='word_1_114' title='bbox 473 1893 589 1964; x_wconf 75' lang='grc' dir='ltr'>τόκους</span> <span class='ocrx_word' id='word_1_115' title='bbox 612 1897 667 1977; x_wconf 81' lang='grc' dir='ltr'>τῆς</span> <span class='ocrx_word' id='word_1_116' title='bbox 691 1885 863 1964; x_wconf 83' lang='grc' dir='ltr'>αδδτντίας</span> <span class='ocrx_word' id='word_1_117' title='bbox 887 1913 957 1976; x_wconf 89' lang='grc' dir='ltr'>μου.</span> 
     </span>
    </p>

    <p class='ocr_par' dir='ltr' id='par_1_5' title="bbox 64 2009 1347 2470">
     <span class='ocr_line' id='line_1_14' title="bbox 158 2009 1345 2102; baseline 0 -22"><span class='ocrx_word' id='word_1_118' title='bbox 158 2011 233 2080; x_wconf 85' lang='grc' dir='ltr'>Ἔτι</span> <span class='ocrx_word' id='word_1_119' title='bbox 267 2011 324 2080; x_wconf 77' lang='grc' dir='ltr'>λὰν</span> <span class='ocrx_word' id='word_1_120' title='bbox 352 2009 539 2100; x_wconf 79' lang='grc' dir='ltr'>εδρεδοδσιν</span> <span class='ocrx_word' id='word_1_121' title='bbox 567 2014 621 2080; x_wconf 79' lang='grc' dir='ltr'>διὰ</span> <span class='ocrx_word' id='word_1_122' title='bbox 649 2015 821 2080; x_wconf 84' lang='grc' dir='ltr'>δαλάσσυο</span> <span class='ocrx_word' id='word_1_123' title='bbox 852 2011 1058 2102; x_wconf 79' lang='grc' dir='ltr'>ἀρματομένσι</span> <span class='ocrx_word' id='word_1_124' title='bbox 1086 2025 1142 2102; x_wconf 78' lang='grc' dir='ltr'>της</span> <span class='ocrx_word' id='word_1_125' title='bbox 1172 2011 1345 2090; x_wconf 79' lang='grc' dir='ltr'>σδδτντίσς</span> 
     </span>
     <span class='ocr_line' id='line_1_15' title="bbox 65 2135 1347 2226; baseline 0.001 -23"><span class='ocrx_word' id='word_1_126' title='bbox 65 2161 129 2226; x_wconf 89' lang='grc' dir='ltr'>μου</span> <span class='ocrx_word' id='word_1_127' title='bbox 147 2143 190 2225; x_wconf 77' lang='grc' dir='ltr'>μὲ</span> <span class='ocrx_word' id='word_1_128' title='bbox 207 2135 414 2224; x_wconf 75' lang='grc' dir='ltr'>ἀρματυμίνα</span> <span class='ocrx_word' id='word_1_129' title='bbox 438 2147 492 2203; x_wconf 82' lang='grc' dir='ltr'>τοῦ</span> <span class='ocrx_word' id='word_1_130' title='bbox 516 2135 683 2204; x_wconf 84' lang='grc' dir='ltr'>δστοτάτυυ</span> <span class='ocrx_word' id='word_1_131' title='bbox 707 2137 849 2224; x_wconf 89' lang='grc' dir='ltr'>μεγάλου</span> <span class='ocrx_word' id='word_1_132' title='bbox 873 2135 1058 2224; x_wconf 79' lang='grc' dir='ltr'>μαίστορος,</span> <span class='ocrx_word' id='word_1_133' title='bbox 1082 2142 1121 2202; x_wconf 84' lang='grc' dir='ltr'>νὰ</span> <span class='ocrx_word' id='word_1_134' title='bbox 1145 2141 1244 2225; x_wconf 78' lang='grc' dir='ltr'>μηδὲν</span> <span class='ocrx_word' id='word_1_135' title='bbox 1267 2139 1347 2204; x_wconf 83' lang='grc' dir='ltr'>τολ·</span> 
     </span>
     <span class='ocr_line' id='line_1_16' title="bbox 65 2258 1344 2350; baseline -0.002 -23"><span class='ocrx_word' id='word_1_136' title='bbox 65 2267 193 2350; x_wconf 83' lang='grc' dir='ltr'>μήσυυν</span> <span class='ocrx_word' id='word_1_137' title='bbox 211 2259 293 2335; x_wconf 81' lang='grc' dir='ltr'>ὅλως</span> <span class='ocrx_word' id='word_1_138' title='bbox 316 2272 424 2335; x_wconf 75' lang='grc' dir='ltr'>ποσῶς</span> <span class='ocrx_word' id='word_1_139' title='bbox 447 2263 487 2325; x_wconf 81' lang='grc' dir='ltr'>νὰ</span> <span class='ocrx_word' id='word_1_140' title='bbox 511 2261 610 2348; x_wconf 79' lang='grc' dir='ltr'>μηδλν</span> <span class='ocrx_word' id='word_1_141' title='bbox 626 2270 789 2326; x_wconf 82' lang='grc' dir='ltr'>τοιοισοδν</span> <span class='ocrx_word' id='word_1_142' title='bbox 813 2265 938 2348; x_wconf 74' lang='grc' dir='ltr'>ζημίαν,</span> <span class='ocrx_word' id='word_1_143' title='bbox 963 2258 1026 2348; x_wconf 73' lang='grc' dir='ltr'>ἁμὲ</span> <span class='ocrx_word' id='word_1_144' title='bbox 1050 2264 1089 2326; x_wconf 80' lang='grc' dir='ltr'>νά</span> <span class='ocrx_word' id='word_1_145' title='bbox 1112 2264 1201 2350; x_wconf 76' lang='grc' dir='ltr'>τημὰ</span> <span class='ocrx_word' id='word_1_146' title='bbox 1223 2259 1268 2336; x_wconf 67' lang='lat' dir='ltr'>d&lt;</span> <span class='ocrx_word' id='word_1_147' title='bbox 1289 2261 1344 2325; x_wconf 83' lang='grc' dir='ltr'>τδν</span> 
     </span>
     <span class='ocr_line' id='line_1_17' title="bbox 64 2379 920 2470; baseline -0.001 -20"><span class='ocrx_word' id='word_1_148' title='bbox 64 2385 160 2463; x_wconf 80' lang='grc' dir='ltr'>ἄλυν,</span> <span class='ocrx_word' id='word_1_149' title='bbox 184 2387 241 2449; x_wconf 81' lang='grc' dir='ltr'>καί</span> <span class='ocrx_word' id='word_1_150' title='bbox 263 2387 304 2450; x_wconf 82' lang='grc' dir='ltr'>νά</span> <span class='ocrx_word' id='word_1_151' title='bbox 327 2381 407 2448; x_wconf 80' lang='grc' dir='ltr'>εἶναι</span> <span class='ocrx_word' id='word_1_152' title='bbox 431 2381 475 2457; x_wconf 80' lang='grc' dir='ltr'>εἰς</span> <span class='ocrx_word' id='word_1_153' title='bbox 498 2385 553 2469; x_wconf 73' lang='grc' dir='ltr'>τὴν</span> <span class='ocrx_word' id='word_1_154' title='bbox 577 2383 673 2470; x_wconf 78' lang='grc' dir='ltr'>τάξην</span> <span class='ocrx_word' id='word_1_155' title='bbox 696 2392 752 2470; x_wconf 79' lang='grc' dir='ltr'>τῆς</span> <span class='ocrx_word' id='word_1_156' title='bbox 775 2379 920 2462; x_wconf 77' lang='grc' dir='ltr'>ἀγακοῖς.</span> 
     </span>
    </p>

    <p class='ocr_par' dir='ltr' id='par_1_6' title="bbox 57 2501 1345 4198">
     <span class='ocr_line' id='line_1_18' title="bbox 157 2501 1342 2597; baseline -0.002 -23"><span class='ocrx_word' id='word_1_157' title='bbox 157 2507 233 2574; x_wconf 86' lang='grc' dir='ltr'>Ἔτι</span> <span class='ocrx_word' id='word_1_158' title='bbox 261 2507 317 2574; x_wconf 78' lang='grc' dir='ltr'>ἐὰν</span> <span class='ocrx_word' id='word_1_159' title='bbox 345 2509 432 2597; x_wconf 75' lang='grc' dir='ltr'>ρηγη</span> <span class='ocrx_word' id='word_1_160' title='bbox 462 2507 606 2591; x_wconf 86' lang='grc' dir='ltr'>σκλάβος</span> <span class='ocrx_word' id='word_1_161' title='bbox 634 2505 695 2571; x_wconf 79' lang='grc' dir='ltr'>άκι</span> <span class='ocrx_word' id='word_1_162' title='bbox 723 2509 776 2571; x_wconf 85' lang='grc' dir='ltr'>τδν</span> <span class='ocrx_word' id='word_1_163' title='bbox 797 2510 891 2572; x_wconf 82' lang='grc' dir='ltr'>τόπον</span> <span class='ocrx_word' id='word_1_164' title='bbox 915 2515 971 2594; x_wconf 82' lang='grc' dir='ltr'>τῆς</span> <span class='ocrx_word' id='word_1_165' title='bbox 995 2501 1167 2582; x_wconf 81' lang='grc' dir='ltr'>αδδεντίοις</span> <span class='ocrx_word' id='word_1_166' title='bbox 1192 2529 1262 2596; x_wconf 89' lang='grc' dir='ltr'>μου,</span> <span class='ocrx_word' id='word_1_167' title='bbox 1287 2511 1342 2574; x_wconf 81' lang='grc' dir='ltr'>καί</span> 
     </span>
     <span class='ocr_line' id='line_1_19' title="bbox 64 2627 1341 2719; baseline 0.001 -23"><span class='ocrx_word' id='word_1_168' title='bbox 64 2630 155 2719; x_wconf 76' lang='grc' dir='ltr'>ἒμπῇ</span> <span class='ocrx_word' id='word_1_169' title='bbox 185 2629 230 2704; x_wconf 80' lang='grc' dir='ltr'>εὶς</span> <span class='ocrx_word' id='word_1_170' title='bbox 255 2633 289 2696; x_wconf 76' lang='grc' dir='ltr'>τὰ</span> <span class='ocrx_word' id='word_1_171' title='bbox 317 2631 396 2696; x_wconf 90' lang='grc' dir='ltr'>νίσιν</span> <span class='ocrx_word' id='word_1_172' title='bbox 420 2639 475 2718; x_wconf 80' lang='grc' dir='ltr'>τῆς</span> <span class='ocrx_word' id='word_1_173' title='bbox 498 2629 609 2696; x_wconf 81' lang='grc' dir='ltr'>Ῥόδου</span> <span class='ocrx_word' id='word_1_174' title='bbox 632 2627 652 2718; x_wconf 78' lang='grc' dir='ltr'><em>ἢ</em></span> <span class='ocrx_word' id='word_1_175' title='bbox 678 2629 736 2706; x_wconf 74' lang='grc' dir='ltr'>ἔξω</span> <span class='ocrx_word' id='word_1_176' title='bbox 761 2639 815 2696; x_wconf 78' lang='grc' dir='ltr'>τοῦ</span> <span class='ocrx_word' id='word_1_177' title='bbox 839 2629 1042 2716; x_wconf 81' lang='grc' dir='ltr'>Πετρουνίοο,</span> <span class='ocrx_word' id='word_1_178' title='bbox 1064 2630 1170 2711; x_wconf 84' lang='grc' dir='ltr'>οἴγοον</span> <span class='ocrx_word' id='word_1_179' title='bbox 1194 2630 1300 2718; x_wconf 77' lang='grc' dir='ltr'>οἱμὲν</span> <span class='ocrx_word' id='word_1_180' title='bbox 1324 2629 1341 2697; x_wconf 85' lang='grc' dir='ltr'>δ</span> 
     </span>
     <span class='ocr_line' id='line_1_20' title="bbox 63 2749 1341 2842; baseline -0.002 -21"><span class='ocrx_word' id='word_1_181' title='bbox 63 2757 222 2840; x_wconf 86' lang='grc' dir='ltr'>σκλάβως</span> <span class='ocrx_word' id='word_1_182' title='bbox 246 2753 325 2819; x_wconf 85' lang='grc' dir='ltr'>εἶναι</span> <span class='ocrx_word' id='word_1_183' title='bbox 348 2753 604 2840; x_wconf 89' lang='grc' dir='ltr'>ρουσοολμάνος,</span> <span class='ocrx_word' id='word_1_184' title='bbox 632 2755 671 2817; x_wconf 82' lang='grc' dir='ltr'>νά</span> <span class='ocrx_word' id='word_1_185' title='bbox 694 2753 816 2817; x_wconf 77' lang='grc' dir='ltr'>δίδοται</span> <span class='ocrx_word' id='word_1_186' title='bbox 840 2749 982 2829; x_wconf 75' lang='grc' dir='ltr'>ἐξοπίσω·</span> <span class='ocrx_word' id='word_1_187' title='bbox 1008 2753 1037 2819; x_wconf 79' lang='grc' dir='ltr'>οὶ</span> <span class='ocrx_word' id='word_1_188' title='bbox 1061 2756 1096 2818; x_wconf 75' lang='grc' dir='ltr'>δὲ</span> <span class='ocrx_word' id='word_1_189' title='bbox 1121 2753 1200 2820; x_wconf 86' lang='grc' dir='ltr'>εἶναι</span> <span class='ocrx_word' id='word_1_190' title='bbox 1223 2751 1240 2819; x_wconf 77' lang='grc' dir='ltr'><strong>ὁ</strong></span> <span class='ocrx_word' id='word_1_191' title='bbox 1264 2759 1341 2842; x_wconf 83' lang='grc' dir='ltr'>γίνη</span> 
     </span>
     <span class='ocr_line' id='line_1_21' title="bbox 61 2873 1343 2967; baseline -0.002 -23"><span class='ocrx_word' id='word_1_192' title='bbox 61 2882 268 2967; x_wconf 85' lang='grc' dir='ltr'>χριστιάνος,</span> <span class='ocrx_word' id='word_1_193' title='bbox 292 2881 332 2942; x_wconf 81' lang='grc' dir='ltr'>νὰ</span> <span class='ocrx_word' id='word_1_194' title='bbox 352 2877 455 2942; x_wconf 77' lang='grc' dir='ltr'>δίδοτε</span> <span class='ocrx_word' id='word_1_195' title='bbox 471 2873 492 2964; x_wconf 85' lang='grc' dir='ltr'>ἡ</span> <span class='ocrx_word' id='word_1_196' title='bbox 508 2879 583 2964; x_wconf 76' lang='grc' dir='ltr'>τιμή</span> <span class='ocrx_word' id='word_1_197' title='bbox 599 2897 654 2941; x_wconf 89' lang='grc' dir='ltr'>του</span> <span class='ocrx_word' id='word_1_198' title='bbox 670 2873 777 2961; x_wconf 72' lang='grc' dir='ltr'>ἄστρα</span> <span class='ocrx_word' id='word_1_199' title='bbox 799 2875 910 2963; x_wconf 84' lang='grc' dir='ltr'>χηλία.</span> <span class='ocrx_word' id='word_1_200' title='bbox 935 2881 992 2941; x_wconf 82' lang='grc' dir='ltr'>καί</span> <span class='ocrx_word' id='word_1_201' title='bbox 1014 2875 1035 2964; x_wconf 77' lang='grc' dir='ltr'>ἤ</span> <span class='ocrx_word' id='word_1_202' title='bbox 1060 2897 1115 2964; x_wconf 88' lang='grc' dir='ltr'>μεν</span> <span class='ocrx_word' id='word_1_203' title='bbox 1139 2881 1226 2967; x_wconf 79' lang='grc' dir='ltr'>ρηγη</span> <span class='ocrx_word' id='word_1_204' title='bbox 1243 2879 1343 2943; x_wconf 86' lang='grc' dir='ltr'>σκλά-</span> 
     </span>
     <span class='ocr_line' id='line_1_22' title="bbox 61 2997 1343 3088; baseline -0.002 -22"><span class='ocrx_word' id='word_1_205' title='bbox 61 3005 123 3088; x_wconf 85' lang='grc' dir='ltr'>βος</span> <span class='ocrx_word' id='word_1_206' title='bbox 141 2999 207 3068; x_wconf 82' lang='grc' dir='ltr'>ἆτδ</span> <span class='ocrx_word' id='word_1_207' title='bbox 222 3003 276 3066; x_wconf 85' lang='grc' dir='ltr'>τόν</span> <span class='ocrx_word' id='word_1_208' title='bbox 291 3003 387 3066; x_wconf 82' lang='grc' dir='ltr'>τδττον</span> <span class='ocrx_word' id='word_1_209' title='bbox 408 3009 463 3064; x_wconf 81' lang='grc' dir='ltr'>τοῦ</span> <span class='ocrx_word' id='word_1_210' title='bbox 480 2997 723 3085; x_wconf 75' lang='grc' dir='ltr'>λνδισιμοτάτου</span> <span class='ocrx_word' id='word_1_211' title='bbox 747 2997 889 3085; x_wconf 84' lang='grc' dir='ltr'>μεγάλου</span> <span class='ocrx_word' id='word_1_212' title='bbox 913 2997 1093 3085; x_wconf 79' lang='grc' dir='ltr'>μαίστορος,</span> <span class='ocrx_word' id='word_1_213' title='bbox 1117 3005 1174 3064; x_wconf 79' lang='grc' dir='ltr'>καὶ</span> <span class='ocrx_word' id='word_1_214' title='bbox 1191 3000 1277 3087; x_wconf 77' lang='grc' dir='ltr'>ίλδη</span> <span class='ocrx_word' id='word_1_215' title='bbox 1295 2999 1343 3074; x_wconf 80' lang='grc' dir='ltr'>τίς</span> 
     </span>
     <span class='ocr_line' id='line_1_23' title="bbox 60 3119 1343 3212; baseline -0.002 -20"><span class='ocrx_word' id='word_1_216' title='bbox 60 3131 120 3194; x_wconf 75' lang='grc' dir='ltr'>τὸν</span> <span class='ocrx_word' id='word_1_217' title='bbox 146 3129 244 3190; x_wconf 78' lang='grc' dir='ltr'>τόκον</span> <span class='ocrx_word' id='word_1_218' title='bbox 268 3134 325 3212; x_wconf 85' lang='grc' dir='ltr'>της</span> <span class='ocrx_word' id='word_1_219' title='bbox 355 3120 530 3196; x_wconf 81' lang='grc' dir='ltr'>αδδεντίας</span> <span class='ocrx_word' id='word_1_220' title='bbox 551 3119 670 3210; x_wconf 77' lang='grc' dir='ltr'>ροο,ἢ</span> <span class='ocrx_word' id='word_1_221' title='bbox 702 3139 758 3208; x_wconf 85' lang='grc' dir='ltr'>μεν</span> <span class='ocrx_word' id='word_1_222' title='bbox 782 3119 799 3184; x_wconf 84' lang='grc' dir='ltr'>δ</span> <span class='ocrx_word' id='word_1_223' title='bbox 823 3122 966 3205; x_wconf 85' lang='grc' dir='ltr'>σκλάβος</span> <span class='ocrx_word' id='word_1_224' title='bbox 990 3121 1060 3188; x_wconf 73' lang='grc' dir='ltr'>ἕνον</span> <span class='ocrx_word' id='word_1_225' title='bbox 1084 3128 1280 3209; x_wconf 84' lang='grc' dir='ltr'>χριστιάνος,</span> <span class='ocrx_word' id='word_1_226' title='bbox 1303 3127 1343 3189; x_wconf 82' lang='grc' dir='ltr'>νὰ</span> 
     </span>
     <span class='ocr_line' id='line_1_24' title="bbox 60 3241 1342 3336; baseline -0.003 -22"><span class='ocrx_word' id='word_1_227' title='bbox 60 3253 220 3336; x_wconf 79' lang='grc' dir='ltr'>στρέρετι</span> <span class='ocrx_word' id='word_1_228' title='bbox 244 3245 409 3324; x_wconf 74' lang='grc' dir='ltr'>ίξοτοίσιο,</span> <span class='ocrx_word' id='word_1_229' title='bbox 432 3245 462 3310; x_wconf 74' lang='grc' dir='ltr'>τί</span> <span class='ocrx_word' id='word_1_230' title='bbox 484 3243 520 3310; x_wconf 77' lang='grc' dir='ltr'>δὲ</span> <span class='ocrx_word' id='word_1_231' title='bbox 540 3245 608 3312; x_wconf 75' lang='grc' dir='ltr'>ίνεν</span> <span class='ocrx_word' id='word_1_232' title='bbox 631 3241 742 3330; x_wconf 75' lang='grc' dir='ltr'>δγένη</span> <span class='ocrx_word' id='word_1_233' title='bbox 768 3245 1024 3332; x_wconf 86' lang='grc' dir='ltr'>μουσαυλμάνος,</span> <span class='ocrx_word' id='word_1_234' title='bbox 1046 3248 1087 3310; x_wconf 86' lang='grc' dir='ltr'>νὰ</span> <span class='ocrx_word' id='word_1_235' title='bbox 1103 3245 1208 3310; x_wconf 75' lang='grc' dir='ltr'>δίδοτε</span> <span class='ocrx_word' id='word_1_236' title='bbox 1229 3242 1342 3333; x_wconf 78' lang='grc' dir='ltr'>ἡτιρή</span> 
     </span>
     <span class='ocr_line' id='line_1_25' title="bbox 60 3365 1343 3457; baseline -0.004 -19"><span class='ocrx_word' id='word_1_237' title='bbox 60 3395 122 3438; x_wconf 90' lang='grc' dir='ltr'>τσο</span> <span class='ocrx_word' id='word_1_238' title='bbox 149 3369 258 3456; x_wconf 79' lang='grc' dir='ltr'>ἄστρα</span> <span class='ocrx_word' id='word_1_239' title='bbox 280 3371 393 3457; x_wconf 76' lang='grc' dir='ltr'>χήλιιτ.</span> <span class='ocrx_word' id='word_1_240' title='bbox 420 3367 471 3434; x_wconf 74' lang='grc' dir='ltr'>ἰαί</span> <span class='ocrx_word' id='word_1_241' title='bbox 497 3369 598 3454; x_wconf 80' lang='grc' dir='ltr'>τούτῳ</span> <span class='ocrx_word' id='word_1_242' title='bbox 625 3367 763 3455; x_wconf 74' lang='grc' dir='ltr'>δγτγόνη</span> <span class='ocrx_word' id='word_1_243' title='bbox 789 3371 847 3432; x_wconf 80' lang='grc' dir='ltr'>καί</span> <span class='ocrx_word' id='word_1_244' title='bbox 875 3367 1035 3454; x_wconf 74' lang='grc' dir='ltr'>λττλιώδη</span> <span class='ocrx_word' id='word_1_245' title='bbox 1058 3369 1094 3432; x_wconf 83' lang='grc' dir='ltr'>τὸ</span> <span class='ocrx_word' id='word_1_246' title='bbox 1117 3370 1219 3454; x_wconf 83' lang='grc' dir='ltr'>σαρόν</span> <span class='ocrx_word' id='word_1_247' title='bbox 1243 3365 1343 3454; x_wconf 71' lang='grc' dir='ltr'>δρκο·</span> 
     </span>
     <span class='ocr_line' id='line_1_26' title="bbox 61 3488 1343 3585; baseline -0.005 -22"><span class='ocrx_word' id='word_1_248' title='bbox 61 3499 215 3585; x_wconf 79' lang='grc' dir='ltr'>μοτικδν,</span> <span class='ocrx_word' id='word_1_249' title='bbox 239 3499 299 3560; x_wconf 75' lang='grc' dir='ltr'>καὶ</span> <span class='ocrx_word' id='word_1_250' title='bbox 320 3489 444 3580; x_wconf 75' lang='grc' dir='ltr'>δμνίγια</span> <span class='ocrx_word' id='word_1_251' title='bbox 467 3491 513 3567; x_wconf 76' lang='grc' dir='ltr'>τίς</span> <span class='ocrx_word' id='word_1_252' title='bbox 536 3493 609 3566; x_wconf 81' lang='grc' dir='ltr'>τούς</span> <span class='ocrx_word' id='word_1_253' title='bbox 632 3490 753 3558; x_wconf 78' lang='grc' dir='ltr'>ἄνοδον</span> <span class='ocrx_word' id='word_1_254' title='bbox 769 3488 883 3578; x_wconf 77' lang='grc' dir='ltr'>ὅρκους</span> <span class='ocrx_word' id='word_1_255' title='bbox 906 3503 971 3567; x_wconf 86' lang='grc' dir='ltr'>τοῖς</span> <span class='ocrx_word' id='word_1_256' title='bbox 995 3489 1072 3578; x_wconf 86' lang='grc' dir='ltr'>ὅλην</span> <span class='ocrx_word' id='word_1_257' title='bbox 1097 3514 1157 3578; x_wconf 90' lang='grc' dir='ltr'>μου</span> <span class='ocrx_word' id='word_1_258' title='bbox 1180 3493 1236 3579; x_wconf 78' lang='grc' dir='ltr'>την</span> <span class='ocrx_word' id='word_1_259' title='bbox 1261 3494 1343 3580; x_wconf 77' lang='grc' dir='ltr'>ζωὴν</span> 
     </span>
     <span class='ocr_line' id='line_1_27' title="bbox 60 3611 1342 3704; baseline -0.002 -20"><span class='ocrx_word' id='word_1_260' title='bbox 60 3625 104 3686; x_wconf 83' lang='grc' dir='ltr'>νὰ</span> <span class='ocrx_word' id='word_1_261' title='bbox 139 3619 213 3683; x_wconf 73' lang='grc' dir='ltr'>ἔναυ</span> <span class='ocrx_word' id='word_1_262' title='bbox 237 3614 258 3704; x_wconf 75' lang='grc' dir='ltr'>ἡ</span> <span class='ocrx_word' id='word_1_263' title='bbox 285 3627 432 3704; x_wconf 80' lang='grc' dir='ltr'>παροῦσα</span> <span class='ocrx_word' id='word_1_264' title='bbox 460 3612 570 3702; x_wconf 81' lang='grc' dir='ltr'>ἆγάτη</span> <span class='ocrx_word' id='word_1_265' title='bbox 598 3619 711 3702; x_wconf 82' lang='grc' dir='ltr'>στερίη</span> <span class='ocrx_word' id='word_1_266' title='bbox 736 3619 793 3680; x_wconf 81' lang='grc' dir='ltr'>καί</span> <span class='ocrx_word' id='word_1_267' title='bbox 820 3612 996 3694; x_wconf 78' lang='grc' dir='ltr'>ἀδίλοτως,</span> <span class='ocrx_word' id='word_1_268' title='bbox 1024 3611 1162 3704; x_wconf 75' lang='grc' dir='ltr'>δγοδν·ἡ</span> <span class='ocrx_word' id='word_1_269' title='bbox 1188 3611 1342 3682; x_wconf 76' lang='grc' dir='ltr'>αὖδτντία</span> 
     </span>
     <span class='ocr_line' id='line_1_28' title="bbox 59 3735 1340 3833; baseline -0.003 -23"><span class='ocrx_word' id='word_1_270' title='bbox 59 3767 128 3833; x_wconf 80' lang='grc' dir='ltr'>μου</span> <span class='ocrx_word' id='word_1_271' title='bbox 156 3745 237 3829; x_wconf 60' lang='lat' dir='ltr'>pat&amp;</span> <span class='ocrx_word' id='word_1_272' title='bbox 261 3752 315 3806; x_wconf 80' lang='grc' dir='ltr'>τοῦ</span> <span class='ocrx_word' id='word_1_273' title='bbox 339 3742 482 3828; x_wconf 87' lang='grc' dir='ltr'>μεγάλου</span> <span class='ocrx_word' id='word_1_274' title='bbox 506 3736 647 3826; x_wconf 83' lang='grc' dir='ltr'>μαΐστιορ</span> <span class='ocrx_word' id='word_1_275' title='bbox 668 3743 725 3804; x_wconf 79' lang='grc' dir='ltr'>καὶ</span> <span class='ocrx_word' id='word_1_276' title='bbox 749 3735 888 3827; x_wconf 78' lang='grc' dir='ltr'>αδδὲντη</span> <span class='ocrx_word' id='word_1_277' title='bbox 905 3749 960 3826; x_wconf 80' lang='grc' dir='ltr'>τῆς</span> <span class='ocrx_word' id='word_1_278' title='bbox 983 3737 1096 3808; x_wconf 82' lang='grc' dir='ltr'>Ῥόδου</span> <span class='ocrx_word' id='word_1_279' title='bbox 1121 3739 1232 3815; x_wconf 78' lang='grc' dir='ltr'>ἔτυις</span> <span class='ocrx_word' id='word_1_280' title='bbox 1255 3739 1340 3806; x_wconf 76' lang='grc' dir='ltr'>ἀπὸ</span> 
     </span>
     <span class='ocr_line' id='line_1_29' title="bbox 57 3859 1343 3953; baseline -0.003 -22"><span class='ocrx_word' id='word_1_281' title='bbox 57 3869 219 3953; x_wconf 79' lang='grc' dir='ltr'>Ἰησοῦ</span> <span class='ocrx_word' id='word_1_282' title='bbox 262 3873 339 3929; x_wconf 84' lang='grc' dir='ltr'>τοῦ</span> <span class='ocrx_word' id='word_1_283' title='bbox 377 3859 606 3950; x_wconf 72' lang='grc' dir='ltr'>ὑμετέρου</span> <span class='ocrx_word' id='word_1_284' title='bbox 648 3866 879 3950; x_wconf 82' lang='grc' dir='ltr'>προρίτου</span> <span class='ocrx_word' id='word_1_285' title='bbox 920 3865 1158 3949; x_wconf 81' lang='grc' dir='ltr'>γενηστιος</span> <span class='ocrx_word' id='word_1_286' title='bbox 1199 3865 1343 3949; x_wconf 56' lang='grc' dir='ltr'>,αοττβζ</span> 
     </span>
     <span class='ocr_line' id='line_1_30' title="bbox 58 3981 1345 4075; baseline -0.005 -17"><span class='ocrx_word' id='word_1_287' title='bbox 58 3995 149 4058; x_wconf 85' lang='grc' dir='ltr'><strong>καί</strong></span> <span class='ocrx_word' id='word_1_288' title='bbox 189 3987 302 4062; x_wconf 85' lang='grc' dir='ltr'>ἔτως</span> <span class='ocrx_word' id='word_1_289' title='bbox 340 3997 418 4052; x_wconf 77' lang='grc' dir='ltr'>τοῦ</span> <span class='ocrx_word' id='word_1_290' title='bbox 455 3981 579 4075; x_wconf 76' lang='grc' dir='ltr'>ἡμῶν</span> <span class='ocrx_word' id='word_1_291' title='bbox 614 3989 843 4074; x_wconf 80' lang='grc' dir='ltr'>σροφίτου</span> <span class='ocrx_word' id='word_1_292' title='bbox 881 3995 959 4050; x_wconf 80' lang='grc' dir='ltr'>τοῦ</span> <span class='ocrx_word' id='word_1_293' title='bbox 1000 3984 1205 4074; x_wconf 76' lang='grc' dir='ltr'>Μωαμὲδ</span> <span class='ocrx_word' id='word_1_294' title='bbox 1247 3986 1345 4061; x_wconf 71' lang='grc' dir='ltr'>σιτί’</span> 
     </span>
     <span class='ocr_line' id='line_1_31' title="bbox 61 4108 598 4198; baseline -0.013 -18"><span class='ocrx_word' id='word_1_295' title='bbox 61 4115 111 4180; x_wconf 75' lang='grc' dir='ltr'>ἐν</span> <span class='ocrx_word' id='word_1_296' title='bbox 151 4113 426 4198; x_wconf 79' lang='grc' dir='ltr'>Ἀνδριανυδ</span> <span class='ocrx_word' id='word_1_297' title='bbox 459 4108 598 4196; x_wconf 76' lang='grc' dir='ltr'>τώλη.</span> 
     </span>
    </p>

    <p class='ocr_par' dir='ltr' id='par_1_7' title="bbox 61 4227 1345 4568">
     <span class='ocr_line' id='line_1_32' title="bbox 159 4227 1342 4321; baseline -0.004 -19"><span class='ocrx_word' id='word_1_298' title='bbox 159 4235 220 4302; x_wconf 82' lang='grc' dir='ltr'>Διά</span> <span class='ocrx_word' id='word_1_299' title='bbox 243 4244 343 4301; x_wconf 80' lang='grc' dir='ltr'>τοῦτο</span> <span class='ocrx_word' id='word_1_300' title='bbox 372 4237 428 4299; x_wconf 81' lang='grc' dir='ltr'>καί</span> <span class='ocrx_word' id='word_1_301' title='bbox 449 4229 541 4321; x_wconf 78' lang='grc' dir='ltr'>ἡμεῖς</span> <span class='ocrx_word' id='word_1_302' title='bbox 569 4229 648 4297; x_wconf 85' lang='grc' dir='ltr'>δσὰν</span> <span class='ocrx_word' id='word_1_303' title='bbox 671 4229 757 4320; x_wconf 85' lang='grc' dir='ltr'>ρίλοι</span> <span class='ocrx_word' id='word_1_304' title='bbox 779 4233 837 4295; x_wconf 82' lang='grc' dir='ltr'>καὶ</span> <span class='ocrx_word' id='word_1_305' title='bbox 863 4227 1063 4319; x_wconf 81' lang='grc' dir='ltr'>ἠγαποιμίνη</span> <span class='ocrx_word' id='word_1_306' title='bbox 1077 4231 1141 4296; x_wconf 81' lang='grc' dir='ltr'>διὰ</span> <span class='ocrx_word' id='word_1_307' title='bbox 1164 4233 1261 4318; x_wconf 78' lang='grc' dir='ltr'>ξηρας</span> <span class='ocrx_word' id='word_1_308' title='bbox 1283 4235 1342 4297; x_wconf 79' lang='grc' dir='ltr'>καί</span> 
     </span>
     <span class='ocr_line' id='line_1_33' title="bbox 62 4352 1343 4444; baseline -0.004 -18"><span class='ocrx_word' id='word_1_309' title='bbox 62 4365 127 4426; x_wconf 77' lang='grc' dir='ltr'>διὰ</span> <span class='ocrx_word' id='word_1_310' title='bbox 151 4360 302 4425; x_wconf 86' lang='grc' dir='ltr'>δαλάσυυ</span> <span class='ocrx_word' id='word_1_311' title='bbox 335 4362 377 4424; x_wconf 85' lang='grc' dir='ltr'>νὰ</span> <span class='ocrx_word' id='word_1_312' title='bbox 411 4357 511 4444; x_wconf 80' lang='grc' dir='ltr'>μηδὲν</span> <span class='ocrx_word' id='word_1_313' title='bbox 545 4358 598 4420; x_wconf 78' lang='grc' dir='ltr'>τόν</span> <span class='ocrx_word' id='word_1_314' title='bbox 632 4359 764 4420; x_wconf 78' lang='grc' dir='ltr'>ποιείσοι</span> <span class='ocrx_word' id='word_1_315' title='bbox 791 4359 931 4440; x_wconf 85' lang='grc' dir='ltr'>καμυίσιν</span> <span class='ocrx_word' id='word_1_316' title='bbox 960 4352 1096 4441; x_wconf 79' lang='grc' dir='ltr'>ἐχδρίαν</span> <span class='ocrx_word' id='word_1_317' title='bbox 1119 4359 1175 4419; x_wconf 85' lang='grc' dir='ltr'>καί</span> <span class='ocrx_word' id='word_1_318' title='bbox 1198 4355 1343 4442; x_wconf 81' lang='grc' dir='ltr'>ταραχὴν</span> 
     </span>
     <span class='ocr_line' id='line_1_34' title="bbox 61 4473 1345 4568; baseline -0.005 -18"><span class='ocrx_word' id='word_1_319' title='bbox 61 4488 156 4550; x_wconf 85' lang='grc' dir='ltr'>κατὰ</span> <span class='ocrx_word' id='word_1_320' title='bbox 180 4485 235 4550; x_wconf 81' lang='grc' dir='ltr'>τὸν</span> <span class='ocrx_word' id='word_1_321' title='bbox 258 4477 379 4568; x_wconf 78' lang='grc' dir='ltr'>τρόπων</span> <span class='ocrx_word' id='word_1_322' title='bbox 402 4488 457 4545; x_wconf 78' lang='grc' dir='ltr'>τοῦ</span> <span class='ocrx_word' id='word_1_323' title='bbox 481 4477 599 4545; x_wconf 76' lang='grc' dir='ltr'>ἄνοδον</span> <span class='ocrx_word' id='word_1_324' title='bbox 630 4475 842 4564; x_wconf 82' lang='grc' dir='ltr'>δρκομοτίκου</span> <span class='ocrx_word' id='word_1_325' title='bbox 866 4487 921 4542; x_wconf 81' lang='grc' dir='ltr'>τοῦ</span> <span class='ocrx_word' id='word_1_326' title='bbox 944 4478 1087 4564; x_wconf 83' lang='grc' dir='ltr'>μεγάλου</span> <span class='ocrx_word' id='word_1_327' title='bbox 1111 4473 1268 4551; x_wconf 74' lang='grc' dir='ltr'>αδδάντος</span> <span class='ocrx_word' id='word_1_328' title='bbox 1290 4478 1345 4543; x_wconf 84' lang='grc' dir='ltr'>διὰ</span> 
     </span>
    </p>
   </div>
   <div class='ocr_carea' id='block_1_3' title="bbox 62 4597 1345 4695">
    <p class='ocr_par' dir='ltr' id='par_1_8' title="bbox 62 4597 1345 4695">
     <span class='ocr_line' id='line_1_35' title="bbox 62 4597 1345 4695; baseline -0.005 -22"><span class='ocrx_word' id='word_1_329' title='bbox 62 4607 149 4695; x_wconf 78' lang='grc' dir='ltr'>ὅλης</span> <span class='ocrx_word' id='word_1_330' title='bbox 172 4615 226 4670; x_wconf 80' lang='grc' dir='ltr'>τοῦ</span> <span class='ocrx_word' id='word_1_331' title='bbox 249 4616 305 4692; x_wconf 82' lang='grc' dir='ltr'>τῆς</span> <span class='ocrx_word' id='word_1_332' title='bbox 333 4609 431 4690; x_wconf 74' lang='grc' dir='ltr'>ζωῆς,</span> <span class='ocrx_word' id='word_1_333' title='bbox 456 4605 515 4668; x_wconf 79' lang='grc' dir='ltr'>καὶ</span> <span class='ocrx_word' id='word_1_334' title='bbox 538 4598 694 4688; x_wconf 83' lang='grc' dir='ltr'>δμνίυμεν</span> <span class='ocrx_word' id='word_1_335' title='bbox 715 4598 761 4673; x_wconf 79' lang='grc' dir='ltr'>τὶς</span> <span class='ocrx_word' id='word_1_336' title='bbox 785 4602 838 4665; x_wconf 85' lang='grc' dir='ltr'>τδν</span> <span class='ocrx_word' id='word_1_337' title='bbox 861 4602 951 4678; x_wconf 79' lang='grc' dir='ltr'>δεον,</span> <span class='ocrx_word' id='word_1_338' title='bbox 974 4603 1028 4667; x_wconf 79' lang='grc' dir='ltr'>τὸν</span> <span class='ocrx_word' id='word_1_339' title='bbox 1050 4603 1185 4689; x_wconf 78' lang='grc' dir='ltr'>τοιητην</span> <span class='ocrx_word' id='word_1_340' title='bbox 1207 4611 1263 4667; x_wconf 77' lang='grc' dir='ltr'>τοῦ</span> <span class='ocrx_word' id='word_1_341' title='bbox 1287 4597 1345 4666; x_wconf 83' lang='grc' dir='ltr'>οδ-</span> 
     </span>
    </p>
   </div>
   <div class='ocr_carea' id='block_1_4' title="bbox 63 4719 1346 4819">
    <p class='ocr_par' dir='ltr' id='par_1_9' title="bbox 63 4719 1346 4819">
     <span class='ocr_line' id='line_1_36' title="bbox 63 4719 1346 4819; baseline -0.005 -23"><span class='ocrx_word' id='word_1_342' title='bbox 63 4740 170 4819; x_wconf 78' lang='grc' dir='ltr'>ρανοῡ</span> <span class='ocrx_word' id='word_1_343' title='bbox 193 4733 250 4795; x_wconf 84' lang='grc' dir='ltr'>καί</span> <span class='ocrx_word' id='word_1_344' title='bbox 273 4735 329 4815; x_wconf 80' lang='grc' dir='ltr'>τῆς</span> <span class='ocrx_word' id='word_1_345' title='bbox 353 4736 413 4814; x_wconf 81' lang='grc' dir='ltr'>γῆς</span> <span class='ocrx_word' id='word_1_346' title='bbox 435 4729 492 4792; x_wconf 80' lang='grc' dir='ltr'>καὶ</span> <span class='ocrx_word' id='word_1_347' title='bbox 515 4723 562 4798; x_wconf 80' lang='grc' dir='ltr'>τίς</span> <span class='ocrx_word' id='word_1_348' title='bbox 584 4727 638 4789; x_wconf 83' lang='grc' dir='ltr'>τὸν</span> <span class='ocrx_word' id='word_1_349' title='bbox 662 4721 817 4809; x_wconf 75' lang='grc' dir='ltr'>ἔνσαρκον</span> <span class='ocrx_word' id='word_1_350' title='bbox 847 4719 1024 4810; x_wconf 82' lang='grc' dir='ltr'>ἠκυνομίαν</span> <span class='ocrx_word' id='word_1_351' title='bbox 1046 4728 1104 4791; x_wconf 79' lang='grc' dir='ltr'>καὶ</span> <span class='ocrx_word' id='word_1_352' title='bbox 1126 4724 1172 4800; x_wconf 75' lang='grc' dir='ltr'>τίς</span> <span class='ocrx_word' id='word_1_353' title='bbox 1200 4728 1240 4791; x_wconf 83' lang='grc' dir='ltr'>τὰ</span> <span class='ocrx_word' id='word_1_354' title='bbox 1267 4721 1346 4806; x_wconf 79' lang='grc' dir='ltr'>ἅγια</span> 
     </span>
    </p>
   </div>
   <div class='ocr_carea' id='block_1_5' title="bbox 0 0 1586 5264">
    <p class='ocr_par' dir='ltr' id='par_1_10' title="bbox 0 0 1586 5264">
     <span class='ocr_line' id='line_1_37' title="bbox 0 0 1586 5264; baseline 0 1"><span class='ocrx_word' id='word_1_355' title='bbox 0 0 1586 5264; x_wconf 95' lang='lat' dir='ltr'> </span> 
     </span>
    </p>
   </div>
  </div>
 </body>
</html>
