3182 5264
1297 355 1339 420 47

86 554 114 614 τύ
137 553 270 636 κάστρον
295 547 380 637 ὑμῶν
402 547 531 638 εὐμενές
555 560 752 639 σοντηροῦσα
776 553 920 640 μεγάλην
944 549 993 616 ἐπὶ
1016 553 1137 624 τούτοις
1160 551 1342 638 φιλανθρω-

83 679 147 738 πίαν
168 673 359 752 ἐπεδείξατο,
384 679 440 740 καί
462 685 522 739 τῦν
546 677 695 764 ρυλακιῦν
720 675 908 741 ἀπολύσασα
934 673 1045 740 ἄδειαν
1069 671 1174 746 αὑτοῖς
1192 674 1340 751 δέδωκεν,

84 797 156 862 ἔνθα
189 803 244 862 καί
268 801 448 882 βούλοιντο,
485 797 646 864 ἀπελθεῖν·
671 797 737 864 ἐπεί
761 809 836 880 γοῦν
860 795 941 864 οὑτω
965 792 1064 864 ταῦτα
1089 793 1165 881 ἐ[π’]
1196 797 1340 884 ἀρχηγοῦ

82 930 129 1006 τῆς
161 927 279 996 κακίας
315 925 493 1009 συνέβησαν
528 929 583 990 καί
606 921 625 1011 ἡ
650 933 705 988 τοῦ
732 921 810 989 καθ’
843 921 925 1010 ὑμᾶς
956 927 1096 1009 κάστροο
1132 924 1255 994 σύνεσις
1286 929 1340 986 τοῦ

81 1043 190 1110 οἰκείου
214 1043 343 1125 ἀγαθοῦ
372 1044 432 1112 οὑκ
460 1046 697 1136 ἀνεπαίσθητος
726 1052 896 1136 γενομένη,
926 1046 1009 1112 ἀλλὰ
1033 1051 1089 1111 καί
1112 1047 1183 1110 λίαν
1208 1055 1341 1117 συνετῶς

80 1179 162 1234 τοῦτο
196 1173 429 1255 καταλαβοῦσα
464 1171 521 1239 καὶ
545 1171 726 1254 ἐπιγνοῦσα,
751 1175 875 1261 γραρΐην
903 1176 980 1258 πρύς
1003 1168 1058 1260 τίρν
1088 1173 1252 1255 βασιλείαν
1280 1192 1340 1258 μου

81 1293 271 1368 ἐξαπέστειλε
300 1297 353 1359 διὰ
381 1305 436 1360 τοῦ
463 1300 619 1381 παρόντος
643 1295 807 1362 Νικολάου
832 1305 887 1360 τοῦ
909 1295 1034 1382 ἰατροῦ,
1059 1293 1152 1360 ἵλεων
1177 1291 1246 1381 ὑμίν
1270 1293 1338 1358 ἐπι-

81 1427 179 1482 νεῦσαι
215 1420 270 1506 την
302 1419 467 1504 βασιλείαν
499 1443 559 1506 μου
591 1419 807 1506 ἐκλιπαροῦσα
837 1425 892 1484 καί
916 1421 971 1506 την
993 1420 1218 1505 προλαβοῦσαν
1242 1413 1336 1503 εὑμέ-

80 1561 158 1604 νειαν
186 1541 234 1607 ἐπί
263 1541 306 1628 tq}
332 1539 472 1629 ὑμετέρῳ
499 1547 629 1630 κάστρῳ
658 1541 878 1620 ἐπιδείξασθαι
906 1543 1091 1608 ἱκετεύουσα
1122 1547 1177 1607 καί
1205 1551 1261 1630 τῆς
1294 1542 1339 1614 εἰς

80 1667 128 1750 τήν
147 1663 368 1745 Μεγαλόπολιν
392 1672 447 1732 καί
471 1669 526 1754 τὴν
550 1666 726 1755 Ῥωμανίαν
749 1671 968 1754 παρελεύσεως
992 1671 1046 1732 διά
1070 1691 1099 1732 τε
1124 1677 1197 1754 γῆς,
1230 1669 1283 1731 διά
1307 1689 1340 1731 τε

80 1791 240 1878 θαλάσσης
256 1799 491 1877 παραχωρῆσαι
515 1789 594 1877 ὑμῖν,
611 1788 630 1879 ἡ
649 1793 797 1876 βασιλεία
814 1813 874 1878 μου
897 1797 953 1857 καί
977 1795 1012 1856 τύ
1035 1795 1167 1879 φθάσαν
1187 1793 1340 1870 γενέσθαι

79 1919 171 1980 κακύν
205 1917 247 2002 μή
273 1925 328 2003 της
351 1926 406 1981 τοῦ
435 1919 550 1990 παντιίς
586 1915 737 2004 ὑμετέρου
772 1923 912 2004 κάστροο
948 1919 1065 2004 βουλῆς
1093 1915 1233 2002 ἀκριβῶς
1261 1916 1340 1981 εἶναι

80 2039 168 2104 εἰδυῖα
202 2045 259 2106 καί
297 2043 353 2128 τὴν
389 2039 438 2106 ἐπὶ
473 2053 536 2115 τοῖς
570 2049 740 2108 πταίσασιν
778 2041 943 2129 ἐκδίκησιν
979 2041 1015 2108 ἐκ
1054 2043 1135 2108 θεοῦ
1172 2051 1339 2130 προρανῦς

78 2165 227 2246 λαβοῦσα,
260 2159 398 2250 εὐμενῶς
420 2187 452 2228 τε
477 2166 532 2250 την
557 2167 705 2252 τοιαύτην
729 2161 881 2252 ὑμετέραν
906 2165 1028 2254 γραφὴν
1051 2165 1258 2252 παρεδέξατο,
1283 2168 1339 2228 καί

79 2290 126 2373 την
159 2295 322 2374 παροῦσαν
358 2289 480 2376 γραφὴν
516 2282 612 2376 αὑτῆς
647 2289 700 2353 διὰ
733 2297 787 2352 τοῦ
816 2286 913 2354 αὑτοῦ
947 2288 1112 2356 Νικολάου
1144 2297 1198 2354 τοῦ
1228 2288 1338 2374 ἰατροῦ

77 2415 145 2496 πρὸς
172 2409 253 2498 ὑμᾶς
283 2409 499 2489 ἐξαπέστειλε,
531 2409 569 2476 διΙ
594 2409 633 2499 ἧς
656 2415 711 2476 καί
735 2415 878 2498 γνωρίζει
909 2409 978 2498 ὑμῖν
1010 2417 1045 2478 τύ
1069 2413 1119 2478 ἐπί
1143 2415 1185 2499 τῷ
1209 2416 1338 2498 κάστρῳ

78 2531 153 2620 ὑμῦν
177 2533 305 2615 ἀγαθύν
329 2536 460 2622 θέλημα
485 2543 539 2622 τῆς
557 2537 724 2619 βασιλείας
745 2558 816 2622 μου,
833 2539 889 2600 καί
904 2541 1120 2623 προτρέπεται,
1146 2533 1337 2624 ἀποκρισια-

79 2665 153 2744 ρίους
185 2663 263 2745 πρὺς
299 2661 353 2744 τὴν
389 2661 553 2744 βασιλείαν
590 2683 650 2746 μου
674 2659 869 2738 ἀποστεῖλαι,
899 2665 937 2725 τὰ
966 2667 1035 2747 περί
1062 2672 1118 2750 τῆς
1142 2663 1259 2748 μεταξύ
1283 2671 1339 2748 τῆς

79 2785 231 2864 βασιλείας
267 2805 328 2869 μου
363 2787 419 2846 καί
443 2779 528 2868 ὑμῶν
553 2783 660 2871 φιλίας
691 2788 746 2848 καί
780 2785 927 2856 δουλείας
963 2787 1247 2872 συμφωνήαοντας,
1282 2790 1339 2849 καί

80 2907 188 2980 ἔξεστιν
210 2903 294 2992 ὑμῖν,
327 2907 355 2970 εἰ
386 2905 559 2988 βούλεσθε,
585 2903 666 2970 οὑτω
691 2915 821 2994 ποιησαι
844 2911 900 2972 καί
924 2919 983 2973 τῶν
1008 2906 1070 2974 άπύ
1095 2919 1150 2996 τῆς
1176 2911 1340 2993 βασιλείας

81 3053 132 3116 μου
161 3033 306 3118 θελητιῦν
329 3027 397 3117 ὑμῖν
429 3030 595 3118 ἐπιτυχεῖν·
627 3037 807 3112 γινωσκέτω
831 3033 866 3096 δὲ
889 3029 909 3120 ἡ
935 3035 1058 3106 σύνεσις
1090 3029 1188 3120 ὑμῶν,
1214 3030 1262 3098 ὑτι
1285 3037 1341 3097 καί

81 3167 125 3220 νῦν
141 3163 319 3238 γενουῑτικὰ
335 3161 477 3242 κάτεργα
501 3161 540 3222 τὰ
565 3163 645 3245 μέρη
670 3169 724 3246 τῆς
748 3157 926 3245 Ῥωμανίας
948 3133 1161 3244 περιπλέουὺι,
1183 3163 1239 3224 καί
1261 3181 1340 3246 προ-

80 3287 164 3369 ράσει
197 3296 257 3349 τῶν
294 3284 457 3350 Πισααίων
481 3289 536 3348 καί
568 3285 622 3369 την
646 3281 823 3370 Ῥωμανίαν
851 3281 910 3348 οὑκ
934 3281 1028 3365 δλίγα
1050 3289 1207 3372 ζημιοῦσι,
1232 3289 1288 3348 καί
1312 3283 1339 3347 εί

81 3415 127 3473 καί
150 3409 195 3476 ἐπ’
219 3406 327 3484 αὑτοῖς
350 3413 430 3474 θεοῦ
455 3411 653 3496 βοηθοῦντος
677 3413 807 3496 γένηταί
830 3434 858 3474 τι
880 3408 1017 3476 ἀπὸτοῦ
1040 3413 1155 3496 μέρους
1176 3419 1231 3496 τῆς
1248 3411 1340 3494 βασι-

83 3533 160 3608 λείας
184 3557 244 3620 μου
269 3536 311 3620 μὴ
338 3533 474 3620 ἀρέσκον
498 3530 581 3620 ὑμῖν,
608 3531 666 3598 οῦκ
691 3532 728 3598 ἐκ
752 3543 807 3598 τοῦ
832 3539 945 3620 μέρους
969 3544 1023 3620 τῆς
1049 3535 1213 3618 βασιλείας
1237 3556 1297 3622 μου
1320 3529 1340 3622 ἡ

81 3655 164 3735 αἰτία,
189 3655 258 3723 ἀλλ’
284 3657 320 3722 ἐκ
344 3669 404 3722 τῦν
429 3662 467 3721 τὰ
492 3665 623 3722 τοιαῦτα
648 3659 768 3742 τολμᾶν
793 3655 1033 3748 ἐπιχειρούντων
1056 3663 1084 3740 †.

155 3781 312 3869 ῒΜηνί
347 3785 523 3868 μαρτίιρ
557 3780 637 3844 ἰνδ.
664 3781 743 3863 β.’γ

157 3905 483 3985 βΒασιλικύν
527 3902 594 3977 εἰς
637 3907 711 3968 τύν
755 3907 1079 3970 συνετώτατον
1123 3906 1336 3980 ἐξουσια-

83 4029 178 4114 ττὴν
211 4029 415 4100 Γενούας
449 4031 527 4091 καί
562 4027 668 4100 τοῦς
697 4032 1083 4120 φρονιμωτάτους
1114 4031 1337 4094 κουνσού-

83 4149 177 4225 λους
211 4157 290 4226 καί
325 4155 598 4238 σενάτωρας
626 4155 704 4216 καί
732 4153 778 4214 τύ
814 4153 978 4216 λοιπόν
1006 4154 1230 4238 πλήρωμα
1262 4161 1338 4216 τοῦ

82 4277 272 4361 κάστροο
306 4275 511 4347 Γενούας
535 4279 564 4354 †.

158 4405 231 4476 Ονίρ.
250 4407 327 4462 char.
347 4405 434 4462 bamb.
452 4405 553 4462 tabuit.
574 4403 769 4462 Ταανίκετιείε.
