3182 5264
1324 345 1372 404 lx

98 553 165 602 rum
194 553 251 621 per
273 533 429 604 stillmtia
452 555 489 604 en
510 534 637 604 duabus
657 535 802 622 partibus
825 535 886 602 tria
908 543 941 604 at
963 555 1020 622 per
1041 534 1104 602 alia
1124 534 1185 602 tria
1205 533 1371 602 dealiniter

96 657 263 740 stillantia,
280 657 365 744 qnod
381 667 485 726 autam
500 678 612 726 uerene
624 659 818 728 oeaidentem
835 669 884 728 aet
899 680 993 726 unum
1008 658 1267 748 auperoiulernm,
1285 657 1370 745 quod

97 790 129 846 et
142 798 242 868 anper
256 789 378 870 portam
394 789 456 862 eet,
480 781 655 852 nonhabet
670 781 819 850 solarium
834 801 944 850 versus
959 781 1120 850 meridiem
1135 791 1263 870 propter
1278 781 1371 850 habi-

96 904 250 984 taculum,
275 905 361 992 qnod
380 923 477 994 snpra
500 914 621 993 portam
645 913 706 989 eat,
732 905 896 974 dimissum
911 905 1101 974 monastario
1118 905 1246 974 Patrieii
1266 903 1378 972 Thea.

95 1027 182 1094 dosii
197 1027 371 1096 seeundum
387 1029 472 1116 qnod
488 1029 590 1117 prine;
608 1051 666 1117 per
681 1029 839 1098 introitum
852 1037 956 1096 autem
971 1035 1004 1098 et
1015 1028 1130 1098 exitum
1146 1036 1236 1116 porta
1253 1027 1372 1096 debent

95 1151 255 1220 introduci
272 1161 304 1220 et
318 1151 381 1242 ipsi
397 1153 590 1240 pensionarii
614 1153 768 1222 eiusmodi
784 1154 878 1222 trium
899 1153 1184 1242 auparoinleronrm
1204 1153 1372 1222 habitune-

94 1275 197 1342 lorum
216 1275 277 1352 ita,
297 1283 333 1344 ut
353 1297 416 1344 uon
431 1275 555 1344 ladatur
570 1297 723 1366 unapars
739 1277 781 1344 ab
797 1279 909 1358 altara;
927 1277 1133 1346 annuentem
1149 1277 1247 1344 debet
1265 1277 1371 1364 poeai-

94 1399 163 1466 deri
179 1421 218 1468 ex
230 1409 295 1468 toto
307 1423 327 1468 a
337 1402 529 1470 monasterio
540 1401 669 1470 Patrieii
682 1399 863 1482 Theodosii,
877 1409 913 1470 ut
927 1402 1066 1470 existens
1082 1421 1211 1490 prorsus
1227 1401 1368 1468 eiusdem

94 1525 295 1606 monasterii,
320 1525 474 1612 adaquari
495 1533 598 1594 antam
617 1527 736 1594 debent
756 1526 949 1614 pensionarii
971 1525 1113 1594 eiusdem
1126 1525 1221 1592 trium
1237 1545 1368 1611 eupere-

94 1649 267 1718 inlarornm
283 1649 534 1718 habitaculorum
554 1660 704 1738 apuleo,
726 1651 781 1738 qni
797 1659 847 1718 est
864 1651 951 1718 iuxta
970 1657 1101 1738 portam.
1124 1670 1160 1716 ax
1181 1649 1245 1716 alia
1265 1655 1377 1716 autem

93 1783 188 1860 parte
202 1774 317 1842 emboli
334 1795 444 1844 rorans
459 1775 704 1862 aaptauh'iouem
724 1773 892 1862 pistrinum
911 1773 1093 1842 monasterii
1115 1771 1366 1860 Apologotheton

94 1919 170 1966 curu
195 1899 422 1986 auperoinleria
449 1899 641 1970 habitaculis
672 1900 796 1968 dnobus
822 1919 933 1968 varena
961 1901 1112 1968 orientem
1138 1909 1171 1967 et
1195 1897 1369 1966 seeundum

94 2021 302 2108 equalitatem
322 2023 435 2090 emboli
458 2031 489 2090 et
508 2023 717 2092 occidentalia
736 2023 846 2092 samita
867 2024 950 2103 sina,
971 2043 1032 2110 qua
1053 2031 1102 2090 eat
1117 2021 1158 2090 ad
1174 2022 1370 2090 occidentem

94 2144 294 2232 pertinencia
310 2145 404 2234 primi
428 2147 678 2222 embolismum,
702 2169 760 2234 par
776 2167 869 2234 qnam
889 2153 1055 2214 transeunt
1074 2146 1265 2234 pensionarii
1287 2147 1372 2232 Apo·

94 2270 282 2358 logothetou
305 2291 416 2340 varana
436 2273 605 2354 embolum,
631 2285 780 2362 oooperta
798 2293 857 2360 per
879 2274 978 2340 salam
1000 2293 1145 2359 magnam
1168 2279 1201 2340 et
1222 2269 1369 2339 solarium

94 2413 211 2460 venans
230 2395 391 2482 pnplioam
407 2397 489 2464 viam
505 2417 562 2484 per
578 2395 744 2464 daoliuiter
759 2395 913 2464 stillantia
929 2395 1122 2464 habentibus
1138 2393 1369 2474 longitudinem

94 2517 280 2584 huiuamodi
297 2538 317 2585 a
332 2517 454 2600 semita,
471 2539 533 2606 que
549 2529 598 2588 ast
614 2539 723 2586 reraue
739 2519 898 2602 orientem,
916 2539 1084 2608 perquam
1098 2524 1263 2586 transeunt
1277 2517 1372 2584 rami·

94 2641 176 2708 fleas
192 2661 301 2710 verens
316 2643 471 2710 embolum
489 2651 520 2710 at
535 2663 644 2712 nerana
660 2643 854 2712 occidentem
875 2645 1050 2713 cubitorum
1072 2641 1244 2722 eaxdeeim‚
1270 2649 1305 2710 nt
1324 2642 1372 2708 al-

94 2775 170 2834 te'ra
187 2777 291 2855 parte,
314 2787 376 2854 qne
396 2773 445 2836 eat
459 2787 570 2836 varana
586 2787 733 2836 eoeneum
749 2769 901 2836 suolonis
924 2767 1051 2856 pistrini
1067 2767 1178 2836 decisa
1193 2778 1225 2834 et
1239 2767 1373 2852 dimissa

95 2891 287 2960 monestede
302 2889 571 2978 Apologotheton,
593 2897 624 2960 at
640 2892 774 2960 latitudo
789 2911 895 2960 eornm
911 2913 931 2958 a
946 2892 1069 2960 oomnni
1086 2890 1209 2959 embolo
1225 2897 1373 2977 at'ueqna

95 3013 142 3080 ad
170 3013 326 3100 integrum
348 3035 483 3092 murum,
507 3014 593 3103 quod
616 3015 852 3084 airuumelnudit
874 3015 1095 3084 monasterium
1119 3013 1371 3104 Apologotheton

97 3139 276 3207 eebiunnn
292 3139 460 3208 duodaoim
475 3140 553 3208 etin
569 3141 641 3228 ipso
655 3141 755 3208 fundo
774 3149 899 3230 puteus.
916 3140 957 3208 de
973 3141 1138 3208 maritimis
1153 3141 1259 3208 snalla.
1274 3139 1372 3208 mnri-

97 3263 178 3330 tima
191 3261 289 3342 aoala,
306 3283 368 3349 qne
383 3263 472 3350 priua
486 3265 653 3332 tenebatur
667 3264 710 3332 ab
724 3263 806 3352 ipsis
821 3265 1052 3342 Gennaneibus
1069 3285 1132 3351 que
1149 3273 1236 3332 extra
1251 3271 1374 3351 portam

101 3385 224 3454 Veteris
238 3385 389 3468 lienteria,
407 3407 471 3472 que
482 3386 598 3476 iueipit
612 3408 632 3456 a
647 3388 761 3467 oanali,
778 3389 832 3475 qui
849 3396 899 3456 eat
909 3407 1019 3456 versus
1030 3387 1190 3466 orientem,
1209 3386 1374 3457 diuidenta

98 3509 215 3580 exinde
234 3529 345 3578 versos
365 3511 516 3579 orientem
539 3513 634 3580 alium
655 3513 773 3580 aoalam
792 3513 973 3580 monasterii
989 3512 1107 3580 domini
1123 3512 1250 3582 Mauuel
1271 3521 1304 3580 at
1323 3511 1372 3579 di·

99 3643 187 3703 raoto
202 3654 313 3704 varane
337 3635 531 3704 oooidentam
548 3645 580 3703 et
594 3635 677 3704 ultra
691 3645 807 3704 turrem
823 3643 855 3703 et
870 3657 907 3703 ex
923 3637 1021 3704 latera
1035 3645 1124 3725 porte
1140 3637 1233 3724 qnasi
1249 3637 1374 3704 nuhito·

99 3781 169 3827 rnm
193 3761 360 3847 maginus
386 3783 455 3830 oum
483 3761 629 3846 dimidio,
660 3770 693 3830 et
711 3760 845 3830 latitudo
860 3783 983 3830 amnuo
1010 3770 1043 3830 at
1056 3782 1158 3849 usqua
1173 3761 1216 3828 ad
1235 3781 1372 3828 arenam.
1430 3777 1432 3782 ·

101 3887 232 3954 inuenta
253 3893 452 3954 enatantem
473 3887 505 3952 in
527 3907 566 3954 ea
585 3887 759 3954 seeundum
780 3887 981 3975 equalitatem
1000 3885 1102 3954 litoris
1124 3885 1308 3954 habitacula
1323 3885 1374 3951 in·

99 4011 176 4076 fima·
194 4015 345 4097 quattuorv
360 4009 514 4078 habentia
531 4009 715 4099 pensionem
737 4031 843 4078 annua
857 4010 1045 4078 nomismata
1058 4029 1127 4092 aex,
1148 4029 1204 4098 per
1220 4009 1374 4097 utrimque

100 4133 273 4201 daoliuiter
299 4133 428 4202 stillans
449 4153 520 4200 uuor
547 4133 809 4201 eulminainnoto
829 4133 907 4201 turri
929 4133 1013 4200 etin
1035 4139 1108 4200 ante
1123 4131 1288 4199 daoliuiter
1304 4132 1375 4200 atil-

102 4259 173 4326 lana
199 4257 242 4326 ad
264 4257 328 4326 dno
347 4259 520 4344 ergasteria
539 4257 691 4326 habentia
713 4257 896 4346 pensionem
919 4279 1025 4326 annua
1042 4257 1228 4324 nomismata
1251 4257 1322 4326 tria.
1344 4263 1376 4325 et

103 4401 216 4450 varena
242 4382 395 4451 orientem
422 4383 556 4466 aunella,
584 4382 671 4470 qnod
697 4380 857 4470 agreditur
882 4401 941 4470 per
967 4391 1103 4470 portam,
1130 4381 1373 4448 numulariorum

104 4525 215 4574 menaa
239 4511 389 4595 cooperta
412 4507 553 4594 tegmine
580 4505 744 4575 daoliuiter
773 4505 906 4574 stillanti
937 4506 1059 4574 habeus
1089 4505 1192 4572 fiteoei
1223 4505 1375 4572 nomisma

104 4651 207 4700 unum
220 4640 254 4701 et
267 4636 381 4701 versus
396 4631 545 4700 orientem
557 4639 647 4720 porta
663 4639 697 4698 et
709 4629 882 4698 seeundum
894 4630 1192 4719 equalitatemmnri
1210 4651 1285 4718 onm—
1296 4649 1373 4718 sepe

108 4755 289 4825 habitacula
309 4755 417 4826 infima
436 4757 498 4824 tria
515 4776 572 4845 per
596 4754 748 4843 utrimque
770 4753 935 4824 daoliuiter
950 4753 1119 4826 deounena
1136 4775 1205 4822 eum
1229 4751 1373 4829 eulmine,
