3114 5264
1255 345 1318 408 289

58 537 227 624 Βαλμόλιον
251 539 308 600 καί
331 539 396 624 ρρὰ
419 535 547 603 Νιττόλα
571 539 624 602 νδέ
647 535 811 624 Νορώνια,
842 537 1062 624 πουμτνόοῦρη
1087 547 1142 601 τοῦ
1173 537 1320 622 Τριβίζυυ

60 662 104 728 ναί
121 673 180 728 τῶν
204 660 287 749 ἑξῆς,
310 665 367 726 καί
383 667 447 748 φρὰ
469 661 638 750 Ἰάπυυμου
663 668 713 728 ντέ
737 661 846 750 Πρίου,
871 663 1090 750 κουμενόοόρη
1115 668 1165 729 ντέ
1189 661 1321 750 Μπουρ-

60 788 122 865 όέυ,
144 789 201 850 καὶ
226 783 461 871 ἀπεσταλμένοι
485 783 758 873 ἀβιζιταρτοὺρδοι
780 791 867 872 παρὰ
895 795 949 850 τοῦ
979 783 1179 874 ὑψηλοτάτου
1204 782 1323 850 αὐθεν-

59 914 115 990 τός,
145 911 287 997 μεγάλου
315 908 500 996 μαΐστυρσς,
524 915 582 975 τταί
611 921 665 998 τῆς
694 917 867 999 τιμημένης
892 913 1017 998 βουλῆς,
1042 919 1097 975 τυῦ
1115 914 1195 976 θεοῦ
1227 907 1322 975 εὑδο-

60 1043 193 1112 τοῦντος,
218 1032 371 1108 ἑστῶντες
399 1034 444 1108 είς
468 1036 503 1100 τό
532 1036 630 1120 νησην
659 1045 714 1122 τῆς
737 1033 889 1122 Νησόρυυ
913 1034 1045 1120 οἴδαμεν
1062 1031 1323 1122 όφθαλμοφανῦς

58 1162 104 1222 γαί
125 1156 349 1244 έστοχάσαμεν
384 1162 440 1222 καί
475 1161 515 1222 τά
537 1164 629 1224 πέντε
664 1162 790 1244 ττάστρα
823 1169 880 1245 τῆς
915 1156 1013 1244 αὑτῆς
1047 1159 1145 1244 νήσου
1174 1161 1213 1243 μέ
1245 1177 1323 1244 σην-

58 1285 175 1370 τρυρίαν
192 1291 252 1345 τιῦν
276 1280 511 1346 οίτιυδεσπότιυν
527 1285 582 1346 καί
606 1292 666 1347 τῶν
691 1279 901 1369 όρρικιαλίυν
926 1292 982 1368 τῆς
1007 1279 1104 1368 αὐτῆς
1128 1283 1240 1368 νήσου,
1265 1283 1324 1344 τιαί

58 1399 199 1490 ὑρίσαμέν
228 1426 316 1482 τους,
345 1401 393 1468 ὅτι
421 1408 460 1468 νὰ
488 1409 681 1490 στερεοίσυυν
711 1403 767 1467 καὶ
794 1408 833 1468 νά
861 1405 1068 1490 δυναμιόσουν
1097 1408 1136 1468 τὰ
1164 1405 1326 1488 λεγόμενα
1417 1451 1419 1454 -

57 1530 182 1612 τάστροι
204 1527 259 1591 διὰ
277 1528 407 1615 φόλαξίν
431 1547 492 1591 τιον
516 1529 570 1592 διὰ
592 1531 698 1604 πέντε,
722 1525 783 1600 ἕως
808 1531 846 1591 τὰ
870 1529 947 1602 Εόλα
971 1537 1031 1591 τῶν
1056 1526 1193 1613 ἐχθρῶν.
1216 1523 1325 1611 άπόμη

58 1645 183 1736 εόραμτν
212 1654 318 1730 τόπον,
342 1651 397 1715 όιὰ
420 1655 459 1715 νά
483 1654 535 1715 τόν
559 1651 776 1736 δοναμιόσυυν,
800 1654 856 1715 καί
884 1655 922 1715 τὰ
951 1652 1111 1736 λεγόμενα
1138 1645 1230 1715 πέντε
1259 1651 1324 1712 τιά-

57 1797 137 1860 στρυι
162 1773 320 1862 ένταμῦς,
354 1775 411 1841 καί
434 1773 547 1856 λέγυυν
575 1778 610 1840 τό
639 1773 758 1862 όνομαν
787 1785 842 1840 τοῦ
870 1779 966 1840 τόπου
994 1773 1118 1862 Πέρβα,
1144 1771 1223 1839 ὅπου
1247 1769 1286 1860 ἧι
1313 1781 1329 1826 ν

56 1897 181 1985 ἀρχαῖον
202 1904 259 1964 καί
274 1900 411 1964 παλαιόν
433 1903 571 1985 κάστρον
596 1897 812 1988 ἀριεριυμένον
835 1903 891 1963 ναί
916 1902 1045 1984 στερεόν
1069 1897 1114 1972 είς
1137 1901 1192 1986 τήν
1217 1907 1328 1988 μέσην

56 2032 105 2109 τῆς
126 2026 238 2110 νήσου,
264 2027 320 2087 καί
343 2021 373 2087 σί
398 2019 469 2088 ὑλυτ
492 2022 522 2087 οἱ
546 2022 669 2088 ἄνωθεν
695 2021 775 2108 όμοῦ
801 2021 1006 2108 ἀβιταδυῦροι
1022 2026 1078 2086 καὶ
1103 2021 1330 2098 οὶκοδέσποτες

60 2151 95 2231 μέ
122 2145 195 2211 όλον
224 2151 281 2212 καί
305 2148 404 2211 καλόν
429 2171 483 2220 τος
506 2149 655 2234 θέλημαν
678 2149 786 2211 κοινόν
809 2145 947 2232 λσασμόν
973 2145 1098 2211 ἔδωκαν
1124 2147 1152 2211 οἱ
1176 2145 1246 2213 ὅλοι
1274 2157 1328 2214 τοῦ

59 2271 202 2350 λέγοντος
232 2275 271 2357 μὲ
300 2272 404 2358 καλὴν
427 2271 577 2357 καρδίαν,
615 2267 663 2334 ὅτι
687 2273 727 2334 νά
750 2273 888 2356 πτήσουν
924 2271 959 2334 τό
994 2271 1166 2356 λεγόμενον
1191 2273 1329 2358 κάστρόν

58 2397 113 2459 τισί
138 2400 178 2460 νὰ
205 2401 335 2460 κτίσουν
367 2399 423 2460 καί
446 2398 500 2460 τόν
523 2397 639 2480 πόργον
663 2393 720 2458 καὶ
745 2391 806 2458 ἀπὸ
832 2398 884 2460 τόν
907 2398 1024 2481 πύργον
1047 2393 1109 2469 ἕως
1132 2399 1168 2460 τό
1191 2400 1329 2462 καντοό-

59 2541 112 2606 νην
136 2519 211 2598 ἐκεῖ,
237 2517 316 2585 ὅπου
341 2519 412 2606 ἔχει
436 2523 489 2584 τόν
505 2520 656 2605 πόλεμον,
681 2524 737 2585 καί
760 2523 799 2585 νά
824 2519 892 2584 ἔνεν
916 2518 933 2584 ό
958 2533 1065 2607 τοῖχος
1081 2525 1245 2608 πηθαμοῖς
1268 2523 1331 2587 διό-

59 2645 136 2708 δτκα
159 2647 194 2708 τό
218 2647 336 2730 πάχος,
364 2648 421 2708 καί
447 2647 486 2708 νὰ
514 2647 640 2728 πάμουν
668 2647 811 2728 καμήνια
833 2640 875 2706 δι’
904 2641 1064 2731 ἁσβέστην
1087 2650 1145 2710 καί
1169 2650 1329 2731 γιστέρνες

59 2767 109 2830 όιὰ
134 2769 233 2853 νερόν,
257 2771 315 2831 καί
342 2769 381 2830 νῦι
409 2767 622 2850 πουβαλίσυυν
652 2770 708 2830 καί
737 2769 776 2830 τά
798 2769 889 2830 πέντε
913 2771 1047 2852 κάστροι
1073 2773 1252 2856 σφάραμεν,
1276 2771 1329 2834 διὰ

58 2893 95 2954 νά
121 2894 246 2976 τιάμυυν
274 2893 418 2976 παμήνια
447 2887 486 2953 δι’
516 2887 685 2976 ἂσβέστην,
721 2894 778 2954 καί
807 2883 896 2954 αὑτοὶ
920 2893 958 2954 νᾰ
994 2901 1175 2976 στυχασυῦν
1209 2889 1330 2956 πλέονα

57 3019 152 3078 κοντα
167 3017 304 3101 πλησίον
328 3013 373 3087 είς
389 3017 452 3078 τὸν·
466 3017 562 3078 τόπον
582 3011 622 3078 δι’
647 3011 824 3079 ἀνάπαυσίν
849 3035 931 3090 τους,
955 3019 1011 3079 καί
1028 3015 1073 3088 είς
1098 3018 1132 3079 τό
1157 3021 1272 3102 γοργόν
1291 3022 1330 3082 νά

58 3141 178 3224 κάρυον
200 3138 428 3222 τὸλεγόμενον
452 3135 623 3224 ἀσβέστην.
648 3141 705 3201 καί
728 3133 770 3210 ὣς
790 3137 847 3220 [οἱ]
865 3139 1032 3224 λεγόμενοι
1048 3140 1145 3204 καλοί
1167 3139 1330 3226 ἄνθρωποι

59 3267 168 3351 ζητοῦν
205 3262 267 3330 ἀπό
292 3267 345 3328 τόν
382 3257 541 3350 αὐθέντην
576 3265 628 3327 τόν
658 3268 758 3349 μέγαν
793 3261 965 3350 μαΐστορα,
991 3266 1045 3329 διὰ
1072 3267 1111 3329 νόι
1139 3267 1212 3339 τοῦς
1240 3267 1328 3352 δώση

57 3391 336 3475 προτυμάστορην,
359 3388 415 3450 διὰ
442 3389 481 3451 νὰ
509 3389 615 3474 πτήση
645 3391 679 3451 τό
707 3387 880 3472 λεγόμενον
903 3393 1052 3474 νισίστρυν.
1088 3393 1144 3454 τιαί
1179 3391 1232 3454 διὰ
1255 3391 1331 3455 πλέ-

59 3532 116 3575 ονα
148 3511 329 3600 ἀσφάλειαν
362 3515 418 3575 καί
447 3513 616 3595 βεβαίωσιν
644 3519 699 3576 τοῦ
734 3516 888 3596 παρόντος
924 3517 1112 3598 γράμματος
1147 3509 1331 3601 ὑπέγραψαν

56 3633 239 3722 ἰδιοχείριυς
281 3633 311 3700 οἱ
350 3632 420 3700 όλοι
449 3633 673 3709 οίτιοόέσποτες
707 3639 762 3699 τιαί
796 3639 967 3724 Ιτριτζιάλιυι
1004 3643 1083 3724 μετὰ
1118 3651 1230 3725 χεῖραν
1266 3662 1330 3712 τος.

59 3755 177 3845 όμοίιυν
195 3765 310 3846 ζητοῦν
326 3763 382 3824 καί
399 3763 562 3846 μάστοραν
579 3769 633 3824 τοῦ
650 3765 818 3846 καμηνίου,
843 3759 898 3826 διὰ
921 3765 960 3825 νὰ
976 3765 1067 3848 κάμῃ
1089 3765 1141 3826 τόν
1160 3759 1328 3850 ἀσβέστην.

145 3881 253 3964 Ἐγὼ
289 3885 487 3969 νομικός
516 3891 594 3947 τοῦ
627 3880 932 3970 Μαντροιπίυυ
961 3895 1204 3971 μαρτυρῶν
1232 3883 1329 3951 ὑπέ-

58 4012 222 4094 γραψα.

144 4129 253 4212 Ἐγιό
287 4127 472 4196 Ποόπον
517 4131 716 4214 νομικός
762 4139 842 4193 τῶν
879 4129 1053 4196 Νινίων
1089 4143 1330 4219 μαρτυρῶν

58 4246 313 4340 ὑπέγραψα.
973 4225 975 4228 ¹

145 4379 253 4459 Ἐγὼ
292 4380 490 4465 νομικός
532 4377 745 4464 ’,Οργισές
789 4391 1034 4464 μαρτυρῶν
1077 4375 1330 4467 ὑπέγραψα.

145 4503 252 4582 Ἐγιῦ
280 4501 464 4568 Ποόπον
491 4503 688 4588 νομικός
720 4511 802 4564 τιῦν
831 4499 1132 4568 Παντονίτιων
1168 4526 1331 4590 μαρτυ-

57 4623 425 4712 ρῦνὺπέγραψα.

146 4753 252 4835 Ἐγὼ
291 4752 475 4820 Ποόπον
514 4761 592 4838 τῆς
634 4749 793 4834 Ἀβίας
835 4753 913 4816 καί
951 4755 1218 4825 τιαπετάνος
1256 4762 1332 4816 τοῦ

1103 4861 1136 4912 19
