3148 5268
60 587 160 661 αότοός
183 585 230 662 εἰς
254 588 309 675 τήν
334 585 488 656 ἀπόδοσιν
514 599 570 656 τοό
593 589 801 680 όφειλομίνοο
831 591 984 658 δίδοσθαι
1006 588 1081 677 παρ’
1104 587 1206 656 αὐτόν
1228 610 1312 677 κυμ-

59 715 177 796 μερκίοο
202 709 254 776 m
275 721 344 786 ταῖς
365 719 597 799 πραγματείαις
621 710 732 794 αιἰτιῖιν,
755 712 828 802 παρ’
852 714 870 779 δ
893 713 981 802 εἶχον
1003 716 1163 801 πρότερον,
1186 715 1241 778 καί
1258 709 1315 778 δτι-

60 837 149 924 κοεήν
183 835 249 925 ήδη
283 847 447 904 ποιοῦνται
478 843 534 904 καί
565 837 616 904 ἀπ’
648 838 745 906 αδτοό
771 849 826 905 τοῦ
863 843 1062 926 κομμιρκίου
1098 833 1194 925 οὕπερ
1228 835 1316 924 εἶχον

58 961 222 1046 συνήθειαν
245 965 301 1025 καί
325 961 464 1040 ἐδίδουν,
492 961 535 1038 ὥς
559 961 697 1051 εἴρηται,
730 967 892 1050 πρότερον·
917 961 1050 1029 ἀπολόει
1072 964 1134 1048 γάρ
1157 963 1193 1026 τό
1215 963 1316 1047 παρόν

59 1084 286 1168 γρυσόβουλλυν
310 1079 418 1172 αὐτῆς,
442 1083 482 1151 δι’
506 1081 543 1152 οὔ
567 1089 738 1174 διορίζεται
762 1085 922 1174 ἐπιδημεῖν
944 1085 1114 1158 ἀκωλύτως
1137 1085 1210 1157 πυός
1231 1081 1315 1149 ἀνιο-

57 1211 124 1293 τόρο
148 1207 334 1296 εὶρημόνοος
356 1215 600 1298 πραγματευτάς
623 1217 680 1277 καί
702 1212 774 1284 τοός
798 1209 937 1297 ἕτόρους,
966 1206 1037 1276 ὅσοι
1062 1207 1123 1276 ἀπό
1147 1218 1203 1297 τής
1226 1208 1316 1296 εἰρη-

58 1336 142 1418 μίνης
171 1336 283 1419 χώρας
317 1341 372 1398 τοῦ
401 1329 498 1399 αὐτοῦ
537 1330 737 1422 ὑψηλοτάτου
765 1327 863 1422 βηγός
896 1337 952 1398 καί
981 1335 1198 1419 περιποθήτου
1225 1333 1318 1396 θείου

57 1464 103 1539 τῆς
126 1454 292 1538 βασιλείας
309 1458 398 1542 [μου]
416 1459 568 1523 θόλουσιν
592 1457 751 1545 ἔρχεσθαι
774 1454 930 1534 ἐνταῦθα,
955 1453 999 1530 εἵς
1023 1479 1056 1522 τε
1080 1456 1134 1541 τήν
1158 1453 1317 1530 θεοδόζα·

56 1599 132 1657 στυν,
155 1581 415 1666 θεομεγοίλυντον
438 1585 495 1645 καί
519 1582 742 1670 θεορόλακτον
764 1579 1095 1648 Κυνσταντινοόπολιν
1118 1581 1174 1643 καί
1194 1577 1240 1651 είς
1260 1581 1318 1651 τάς

58 1701 151 1778 ἀλλας
175 1707 285 1790 χώρας
308 1715 364 1792 της
388 1705 555 1788 βασιλείας
578 1727 649 1792 μου,
674 1702 787 1780 ὁσάκις
811 1707 989 1790 βοόλυνται,
1012 1707 1069 1768 καί
1090 1713 1191 1769 ποιεῖν
1208 1701 1240 1768 ἀν
1257 1699 1317 1768 αό-

57 1838 115 1902 ιαίς
151 1833 210 1902 τάς
247 1835 468 1916 πραγματείας
502 1826 603 1894 αὐτόν
639 1829 859 1917 ἀνενοχλήτιος
893 1832 950 1894 καί
985 1827 1317 1904 ἀκαταδυναστιότυς,

59 1950 238 2018 ἀποδιδόναι
262 1950 449 2039 θρείλοντας
472 1957 571 2040 χάριν
589 1959 786 2040 κομμεριιίυυ
810 1951 885 2039 όπίρ
909 1951 1047 2040 ἐμβολῆς
1071 1949 1116 2026 τίς
1140 1954 1179 2016 τὰ
1202 1947 1318 2015 ἑκατόν

58 2072 211 2161 ι’πίρπορα
237 2073 397 2162 ἀπόρπυρα
427 2076 498 2154 δύο,
533 2081 589 2143 καί
617 2072 692 2162 ἀπδρ
727 2073 864 2162 ἐκβολῆς
892 2074 1009 2162 ὁμοίιος
1043 2072 1137 2160 δτερα
1160 2069 1318 2159 ιλπόρπορα

58 2199 115 2277 δόο,
139 2199 185 2274 είς
207 2201 341 2264 πλείονα
363 2200 399 2264 δό
427 2199 514 2266 δόσιν
539 2201 582 2286 μή
606 2201 849 2278 καθόλκεσθαι,
877 2199 1103 2287 συντηρεῖσθαι
1127 2197 1163 2261 δὲ
1196 2196 1318 2283 μαλλον

59 2321 203 2406 ἀβλαβεῖς
228 2323 263 2388 δν
286 2345 320 2388 τε
342 2335 407 2396 τοῖς
431 2327 557 2409 σώμασι
579 2328 636 2388 καί
658 2333 722 2397 τοῖς
746 2327 929 2410 πράγμασιν
953 2318 1135 2388 αὐτῶνκαὶ
1159 2321 1317 2408 μηδεμίαν

59 2448 149 2536 ἀλλην
175 2454 294 2536 ζημίαν
317 2452 374 2514 καί
396 2447 670 2513 καταδυναστείαν
692 2452 747 2513 καί
771 2446 917 2535 ἁρπαγήν
941 2444 1137 2537 ὑφίστασθαι
1160 2448 1249 2531 παρά
1271 2466 1319 2510 τι-

58 2593 102 2647 νος
123 2583 184 2638 τῶν
211 2569 357 2638 ἁπάντων
381 2582 441 2636 τῶν
465 2569 528 2637 ἀπό
551 2581 606 2638 τοῦ
631 2575 744 2659 μίμους
767 2582 823 2660 της
847 2572 1013 2656 βασιλείας
1038 2593 1108 2657 μου.
1134 2569 1181 2636 ἔτι
1201 2589 1237 2650 γε
1259 2571 1319 2656 μήν

58 2699 162 2772 ιαθός
184 2700 244 2762 καί
267 2701 307 2762 τὰ
328 2695 401 2782 περί
431 2703 522 2764 τοῦτο
552 2694 717 2784 ήιήσαντο
746 2695 776 2760 οί
806 2705 943 2762 τοιοῖτοι
977 2698 1230 2782 πραγματευταί,
1265 2691 1320 2759 όόιν

59 2823 154 2908 συμβῇ
189 2821 393 2888 κινδυνεῦσαι
426 2825 511 2886 κατὰ
545 2821 712 2886 θάλατταν
742 2821 898 2906 καράβιον
930 2813 1032 2884 αὐτῶν
1064 2817 1127 2884 ἀπό
1157 2818 1319 2891 κλόδυνος

57 2943 103 3010 καί
123 2953 231 3010 πεσεῖν
254 2944 299 3018 τίς
321 2946 419 3031 ξηρόν
443 2943 475 3009 ἀν
498 2955 537 3032 τη
561 2948 652 3031 χάρη
674 2954 730 3032 της
755 2915 921 3028 βασιλείας
946 2965 1016 3029 μου,
1041 2937 1104 3029 οὐχ
1124 2939 1247 3020 δζουσιν
1269 2937 1316 3005 ἀπ’

59 3065 157 3144 ἀδείας
180 3069 213 3134 οἱ
236 3068 362 3134 ἔποικοι
384 3077 440 3156 τής
464 3069 611 3156 τοιαύτης
635 3070 744 3154 χώρας
766 3066 785 3156 ή
809 3065 914 3152 ἕτεροί
943 3087 1024 3140 τινες
1054 3065 1237 3151 διαρπάζειν
1262 3067 1319 3128 καί

59 3190 289 3282 ἀποκερδαίνειν
312 3213 342 3258 τι
365 3191 428 3258 ἀπό
451 3201 506 3258 τοῦ
528 3193 764 3280 περιουθίντος
789 3189 892 3257 αὐτῶν
912 3193 1112 3277 πράγματος,
1136 3187 1221 3254 ἀλλά
1243 3189 1318 3253 δια-

58 3318 297 3405 ρυλαχθήσεται
321 3319 356 3381 τό
380 3324 523 3382 τοιοῦτον
545 3325 677 3402 πράγμα
700 3311 970 3400 ἀκαινοτόμητυν,
1002 3309 1110 3399 ἀπειδή
1142 3309 1256 3384 οἵτινες
1279 3309 1318 3375 ἀν

58 3442 232 3530 τολμήσωσι
253 3441 444 3528 προετνησαι
468 3443 584 3526 ζημίαν
609 3437 653 3513 είς
677 3433 791 3512 αότοός
811 3440 1055 3524 ναυαγήσαντος
1069 3435 1316 3522 πραγματευτάς

57 3569 104 3628 ιαί
125 3565 309 3654 ἀρελίσθαι
331 3568 401 3630 τινά
425 3562 487 3629 ἀπὸ
510 3573 570 3629 τῶν
593 3567 786 3650 πραγμάτων
810 3557 926 3639 αὐτόν,
951 3557 1138 3626 ἀποδιδόναι
1161 3557 1315 3646 μόλλοοσι

58 3691 104 3752 καί
125 3687 318 3754 ἱκανοποιείν
341 3692 397 3754 καί
421 3685 635 3774 ἀντιστρίρειν
658 3689 743 3752 κατὰ
766 3688 801 3750 τό
825 3683 987 3770 ἀκέραιον,
1012 3682 1043 3748 εἴ
1062 3707 1091 3748 τι
1112 3681 1150 3748 ἂν
1167 3681 1313 3771 ἀρόλιιν-

58 3831 113 3890 ιαι,
137 3813 352 3878 παιδεύεσθαι
382 3811 418 3875 δό
448 3813 506 3876 καί
536 3807 579 3883 ὣς
610 3807 769 3896 ἀθετηταί
803 3816 857 3872 τοῦ
890 3810 1047 3894 παρόντος
1074 3807 1315 3894 χρυσοβοόλλοο

59 3943 103 4022 τῆς
131 3939 301 4022 βασιλείας
327 3957 399 4024 μου·
425 3937 537 4003 τοότου
564 3937 626 4022 γὰρ
654 3945 692 4022 τη
723 3931 878 4022 ίμρανεία
911 3933 1207 4020 διατηρηθήσονται
1236 3933 1316 4019 μετὰ

60 4063 88 4124 τό
108 4061 231 4128 διδόναι
253 4063 288 4127 τό
314 4059 596 4146 ἀναγεγραμμένον
619 4061 814 4144 κομμόρκιον
839 4053 977 4132 ἅπαντες
1000 4055 1030 4122 οἱ
1054 4054 1116 4122 ἀπό
1139 4064 1196 4142 ιης
1227 4054 1314 4142 ιίρη·

60 4189 143 4272 μόνης
166 4189 277 4273 χώρας
300 4182 498 4257 Κατελυνίας
519 4184 757 4268 πραγματευταί
781 4177 990 4268 ἀνενόχλητοι
1012 4184 1068 4244 καί
1092 4176 1154 4266 οὐχ
1174 4173 1314 4265 ἀποστή-

60 4329 156 4376 σονται
189 4313 277 4397 παρά
311 4329 394 4383 τινος
429 4305 557 4373 ἀδικίαν
580 4304 601 4395 ή
625 4310 741 4394 ζημίαν
775 4309 845 4370 τινα
867 4303 888 4393 ή
912 4303 1061 4392 ἐπήρειαν
1091 4307 1147 4370 καί
1171 4301 1315 4368 ἀπόθεσιν

60 4429 239 4522 οἱανδήιινα.
264 4436 318 4499 διόι
342 4436 403 4518 γὰρ
425 4441 518 4496 τοότυ
542 4423 647 4504 αὐτοῖς
669 4434 726 4496 καί
749 4431 785 4494 τό
807 4431 907 4515 παρόν
928 4427 1165 4516 χρυσόβουλλυν
1181 4435 1237 4513 τῆς
1253 4427 1315 4511 βα-

62 4559 168 4634 σιλείας
202 4578 263 4648 μου
296 4562 355 4623 καί
389 4557 615 4643 ίπεβραβεόθη
650 4559 707 4618 καί
740 4552 973 4641 λπεχορηγήθη
1008 4561 1073 4626 τοῖς
1107 4552 1317 4639 διαληρθεῖσι

60 4693 299 4770 πραγματευταῖς
323 4685 381 4746 καί
407 4691 471 4754 τοῖς
501 4677 630 4766 ἑτάροις,
663 4675 734 4744 ὅσοι
765 4675 827 4742 ἀπό
852 4684 908 4762 τῆς
932 4675 1100 4764 εἰρημένης
1124 4679 1235 4762 χώρας
1258 4681 1314 4738 τοό

61 4802 247 4890 λήλυθόντος
280 4807 497 4893 περιποθήτου
531 4805 624 4870 θείου
646 4809 703 4886 τῆς
730 4800 895 4884 βασιλείας
923 4819 1001 4888 μου,
1030 4807 1085 4863 τυό
1115 4795 1317 4889 ὑψηλοτάτου

1019 4903 1190 5033 ρῖτῖηβψ
1204 4937 1248 5004 ,6-1
1267 4925 1298 5012 λ,

1022 5037 1069 5094 1¹1·
1092 5005 1209 5063 ’μάλλα’
1232 5005 1261 5028 '⁸'
