3132 5268
1244 349 1307 420 197

50 545 112 616 νοός
138 542 230 618 ὄντας
261 543 311 610 ἐπί
337 549 436 632 τούτῳ
466 551 521 612 καί
549 547 674 620 εἰδότας
700 551 886 632 γράμματα,
916 545 971 620 οὓς
1006 543 1087 632 όμυδ
1122 569 1155 612 τε
1190 549 1311 620 πάντας

51 671 96 732 καί
121 667 186 752 ίδία
213 665 351 734 ἕκαστον
381 665 482 735 αύτων
510 669 737 756 προσδέξονται
764 673 821 734 καί
843 670 1073 755 προβιβάσουσι
1097 679 1136 756 τή
1160 667 1310 756 είρημίνη

50 801 95 876 τής
123 800 293 878 νοταρικής
324 788 373 878 ἤτ’
405 789 459 858 οόν
495 793 750 879 ταβσυλλαρικής
780 793 962 878 λειτουργίᾳ
988 795 1311 880 κατακοσμήσαντες,

48 913 227 1000 ἐξητακότες
251 919 402 1002 πρότερον
428 917 480 982 τόν
505 918 572 1000 βίον
598 912 699 982 αὐτῶν
724 919 780 984 καὶ
803 919 838 982 τό
863 917 1059 1004 ἐπιτήδευμα
1088 913 1230 1000 ἀκριβῶς
1253 919 1312 982 καί

48 1045 199 1124 κρίναντες
228 1038 357 1114 ἱκανούς
386 1051 446 1105 τῶν
475 1043 624 1106 τοιούτων
658 1036 827 1128 ύπυδοχείς
858 1063 892 1106 τε
920 1045 976 1108 καί
1004 1040 1222 1127 λειτουργούς,
1257 1037 1311 1128 ἀμ’

47 1160 82 1226 όν
113 1167 170 1228 καί
202 1163 360 1248 λήψονται
396 1159 491 1250 όρκυν
516 1167 699 1249 σωματικόν
728 1169 785 1232 καί
813 1160 1000 1251 ύπόσχτσιν,
1036 1161 1117 1230 ὥστε
1144 1173 1312 1250 πανταχοῦ

46 1287 164 1360 πιστούς
198 1285 280 1352 εἶναι
314 1297 353 1373 τή
388 1288 537 1372 βασιλεία
573 1290 661 1374 [μου]
697 1291 753 1352 καί
781 1288 836 1374 τήν
865 1287 1033 1375 είρημίνην
1063 1297 1119 1376 τής
1143 1297 1311 1374 νοταρικής

47 1405 85 1492 ἤτ’
108 1406 160 1476 σύν
186 1411 442 1496 ταβουλλαρικής
463 1411 661 1496 λειτουργίαν
686 1408 718 1474 ἐν
741 1421 820 1476 πασι
842 1423 906 1486 τοίς
930 1411 1139 1496 συμβολαίοις
1154 1415 1211 1478 καί
1235 1432 1309 1478 συν-

47 1535 224 1620 αλλάγμασι
258 1547 323 1610 τοῖς
351 1532 399 1602 ὑπ’
424 1532 527 1602 αύτων
556 1540 782 1622 γενησυμίνοις
809 1547 926 1610 τιστως
955 1534 1091 1622 ἐνεργείν
1119 1541 1175 1602 καί
1202 1534 1310 1622 όρθως

45 1665 92 1724 καί
118 1659 193 1726 ἄνευ
222 1663 335 1738 δόλου,
364 1665 541 1745 σκευωρίας
569 1659 589 1747 ή
619 1657 744 1748 ἀπάτης
768 1663 921 1746 μετιίναι,
945 1663 1102 1746 καθαρῶς
1125 1684 1159 1726 τε
1182 1666 1239 1728 καί
1262 1659 1309 1726 εὶ-

45 1785 181 1870 λικρινιίις
209 1786 352 1852 διυικείν.
387 1787 510 1858 τούτοις
539 1783 569 1850 οἱ
596 1783 755 1871 εὶρημίνοι
790 1782 949 1872 ἐπιφανείς
985 1783 1110 1872 ἀνδρες,
1140 1782 1157 1850 ό
1186 1808 1220 1850 ττ
1247 1809 1309 1873 ση-

45 1913 211 1997 μαιοφόρος
236 1917 290 1995 τής
319 1909 526 1994 δικαιοσύνης
549 1913 606 1974 καί
629 1905 802 1994 οίπρδτοι
825 1919 887 1974 των
909 1919 1029 1996 τιχνόν
1057 1907 1232 1998 ἐνθήσουσι
1254 1907 1310 1976 καί

44 2029 267 2118 ὲγχειρίσουσιν
302 2029 414 2098 ἀδειαν
448 2031 670 2118 πληρεστάτην
704 2035 761 2098 καί
797 2030 941 2108 ἐξουσίαν
979 2030 1088 2118 ἐντελή
1125 2043 1180 2098 τοῦ
1210 2044 1308 2100 ποιεῖν

43 2161 222 2244 γράμματα,
252 2155 434 2242 συμβόλαια
458 2159 642 2222 συντιθέναι
663 2167 794 2222 παντοία
818 2160 875 2222 καί
897 2160 1097 2246 συγγραφὰς,
1128 2158 1309 2238 συναλλάγ-

42 2279 117 2364 ματύ
145 2303 180 2346 τε
208 2284 266 2346 καί
294 2280 461 2368 διαθήκας
489 2284 546 2346 καί
574 2277 681 2354 ἁπλῶς
708 2283 811 2346 πάντα
839 2283 878 2346 τὰ
906 2291 945 2367 τή
972 2279 1124 2368 τίμημένη
1153 2279 1309 2368 ὑπηρεσία

41 2409 114 2470 κατὰ
137 2407 257 2489 νόμους
281 2401 444 2490 ἀνήκοντα
465 2407 522 2468 καί
545 2407 630 2471 κατὰ
653 2406 693 2468 τὰ
717 2414 776 2468 τῶν
798 2405 921 2471 πόλσων
945 2403 1063 2490 ἔθιμα,
1092 2405 1127 2472 ἐν
1157 2403 1207 2479 αίς
1231 2425 1305 2470 συν·

41 2532 347 2617 αναστραφήσυνται,
371 2537 486 2606 ποιεῖν,
515 2521 737 2612 ὑπαγορεύειν,
765 2530 913 2616 γράφειν,
941 2529 1094 2615 πληροῦν,
1128 2533 1310 2598 συντιθέναι

41 2677 67 2717 τε
92 2659 147 2720 καί
176 2652 344 2718 ἐκτιθίναι
377 2656 434 2716 καί
468 2651 621 2738 βασιλική
655 2652 858 2736 διαβεβαιοόν
886 2657 942 2718 καί
977 2652 1133 2739 ἐμπεδοῦν
1170 2653 1308 2741 ἐξουσία.

42 2779 79 2844 ἔτι
104 2777 123 2866 ή
153 2779 307 2864 βασιλεία
341 2799 402 2864 μου
431 2778 577 2862 δωρείται
606 2787 670 2850 τοῖς
697 2779 924 2864 προρρηθεῖσιν
954 2777 1135 2871 ἐπιρανέσιν
1163 2777 1307 2866 ἀνδράσι,

42 2905 77 2988 τῷ
102 2927 136 2970 τε
169 2903 378 2990 σημαιορόριμ
414 2909 470 2986 τής
502 2901 707 2986 δικαιοσύνης
741 2903 798 2966 καί
824 2911 889 2976 τοῖς
922 2905 1058 2986 πρώτοις
1093 2913 1152 2968 τῶν
1188 2913 1307 2990 τεχνων

41 3040 95 3100 τοῖς
118 3027 166 3102 είς
190 3027 226 3092 τό
251 3026 366 3112 μέλλον
395 3027 481 3090 κατὰ
507 3023 639 3108 καιρούς
668 3023 847 3110 ἐσομένοις,
877 3037 1011 3111 χορηγεῖ
1038 3047 1071 3090 τι
1094 3029 1152 3092 καί
1174 3024 1307 3113 ἐπιβρα-

42 3153 128 3232 βεύει,
153 3149 207 3216 ἵνα
231 3161 270 3236 ιη
294 3146 375 3236 αύτή
399 3149 551 3234 βασιλική
581 3145 708 3232 ἐξουσία
738 3146 855 3234 ἐχωσιν
880 3147 989 3218 ἀδειαν
1013 3149 1086 3222 τούς
1109 3152 1228 3226 νόθους
1250 3155 1307 3218 καί

42 3273 67 3349 ἐξ
92 3273 251 3362 ἀθεμίτου
285 3273 502 3358 προελθόντος
531 3273 644 3358 μίξεως
675 3283 768 3358 κοινή
796 3275 852 3338 καί
886 3273 1098 3360 διηρήμένως,
1135 3277 1257 3348 ζώντων
1284 3273 1305 3364 ή

39 3403 86 3464 καί
112 3401 278 3465 θανόντοιν
306 3407 366 3464 τόν
390 3401 507 3477 γονέων
536 3393 653 3476 αὐτῶν,
683 3377 835 3481 νομίμους
863 3400 918 3462 καί
946 3402 1095 3484 γνησίους
1121 3409 1220 3465 ποιεῖν
1248 3403 1305 3466 καί

41 3520 81 3586 ἐτί
106 3527 213 3590 πάντα
242 3526 282 3588 τα
310 3532 370 3586 των
395 3526 531 3608 γνησίων
555 3518 612 3586 καὶ
639 3525 778 3607 νομίμων
813 3521 923 3586 δίκαια
950 3519 1005 3586 καὶ
1040 3526 1197 3610 πρυνόμια
1225 3521 1305 3593 ἀπο-

38 3649 191 3716 καθιστᾶν
215 3650 272 3712 καί
300 3641 469 3724 ἐπανάγειν
496 3653 603 3710 πᾶσαν
632 3639 738 3718 αὐτοῖς
767 3642 995 3734 ἀπαλείφοντες
1023 3647 1079 3733 τήν
1103 3645 1166 3714 ἀπὸ
1191 3651 1303 3736 γεννή-

40 3793 110 3846 σεως
137 3771 258 3858 κηλῖδα
285 3773 342 3836 καί
369 3766 582 3848 ἐπανάγοντες
611 3763 725 3842 αύτούς
754 3766 798 3842 εἰς
826 3771 929 3835 πάντα
953 3773 992 3836 τὰ
1014 3767 1052 3835 ἐκ
1075 3771 1233 3858 διαδοχῆς
1256 3773 1303 3838 δί-

38 3917 108 3960 καια
132 3899 191 3962 καί
214 3899 254 3960 τὰ
277 3891 310 3970 ἐξ
338 3891 528 3972 ἀδιαθέτυυ,
564 3891 608 3964 εἷς
631 3914 665 3956 τε
688 3889 794 3966 πάσας
822 3896 879 3966 τὰς
906 3898 1000 3978 τιμὰς
1028 3897 1084 3962 καὶ
1112 3893 1215 3974 ἀξίας,
1251 3893 1301 3968 αίς

38 4019 164 4086 δύναιντ’
189 4017 228 4086 ἄν
252 4019 399 4106 χρῆσθαι
421 4020 477 4082 καί
501 4013 543 4080 ύν
568 4015 759 4087 ἀπολαύοιεν
783 4015 813 4082 υί
836 4020 959 4104 γνήσιοι
987 4021 1042 4082 καί
1071 4016 1133 4087 ἀπό
1158 4025 1300 4106 νομίμων

37 4145 245 4228 προελθόντες
266 4144 376 4228 γάμων
396 4145 452 4208 καί
468 4143 618 4226 θεμιτῶν·
636 4135 844 4228 ύπτξαίρομτν
860 4141 895 4208 δέ
914 4145 969 4208 καί
985 4143 1129 4208 νοείσθαι
1146 4136 1183 4208 ού
1199 4143 1300 4210 θέλο·

38 4289 87 4351 μεν
109 4269 141 4338 ὲν
158 4269 283 4342 τούτοις
307 4270 346 4332 τὰ
369 4276 429 4330 των
453 4261 615 4332 αύθεντων
639 4267 725 4330 νόθα
748 4269 789 4332 τὰ
811 4266 854 4352 μή
878 4270 1018 4354 νομίμως
1033 4271 1090 4337 καί
1113 4271 1250 4354 γνησίως
1267 4265 1301 4343 ἐξ

38 4391 132 4460 αὐτῶν
146 4392 359 4481 προελθόντα,
384 4387 534 4462 ὡσαύτως
550 4393 606 4456 καί
629 4393 667 4454 τὰ
690 4392 775 4456 νόθα
798 4399 858 4455 των
883 4394 1048 4478 μπαρόνων
1071 4395 1127 4458 καί
1150 4395 1299 4480 κομήτων

37 4521 86 4584 καί
111 4529 172 4584 τῶν
197 4515 302 4586 ἀλλων
332 4513 550 4602 ἀξιωματικῶν
577 4512 708 4600 ἀνδρων.
739 4513 793 4578 ἔτι.
808 4515 978 4600 διορίζεται
1001 4511 1021 4602 ή
1047 4517 1195 4600 βασιλεία
1227 4540 1298 4604 μου,

36 4641 81 4708 ἵνα
104 4641 199 4718 ὅσους
223 4640 262 4710 ἂν
284 4645 341 4708 καί
364 4639 466 4720 οἵους,
495 4637 538 4716 ὣς
561 4645 759 4728 προείρηται,
789 4642 906 4714 νόθους
930 4637 1024 4716 ὄντας
1052 4646 1109 4706 καί
1136 4641 1299 4730 ἀθεμίτως

35 4771 256 4858 προαχθέντας
285 4764 335 4839 ἐπί
362 4768 415 4830 τόν
444 4767 512 4852 βίον
540 4775 579 4854 τή
608 4765 662 4839 διὰ
686 4774 744 4832 των
767 4765 930 4852 παρόντων
955 4769 1182 4856 χυρηγηθείση
1206 4765 1296 4845 ἐξου-
