3148 5268
248 369 292 452 δέ

330 556 402 625 Ἵνα
427 557 572 646 ἀπολύσῃ
595 555 615 646 ἡ
642 561 790 644 βασιλεία
819 585 879 649 μου
903 563 975 638 τούς
1003 561 1205 640 Βενετίκους,
1234 557 1328 636 ύσους
1358 557 1428 646 ἔχει
1456 582 1511 626 κε-

243 690 477 773 κρατημένους,
512 690 567 752 καί
602 683 697 762 ὅσους
720 688 755 752 δέ
784 686 960 774 Ῥωμαίους
991 696 1161 776 κρατοῦσιν
1190 686 1218 755 οἱ
1248 686 1427 764 Βενέτικοι,
1462 685 1513 748 ἵνα

244 809 368 898 ἀπολύῃ
393 812 521 884 τούτους
545 809 561 876 ύ
585 812 660 887 δούξ
682 811 833 886 Βενετίας
857 817 913 878 καί
937 815 971 877 τό
988 814 1187 900 κουμούνιον·
1210 809 1359 884 ὡσαύτως
1376 811 1411 876 δέ
1430 808 1510 876 ἀπο-

241 933 361 1020 λύσωσι
384 927 444 1000 ’καί
480 936 552 1008 τούς
582 935 773 1024 Κρητικοὺς,
811 936 883 1009 τούς
917 935 1122 1020 Κορωναίους
1151 960 1182 1000 τε
1211 939 1267 1000 καί
1294 935 1367 1008 τούς
1390 933 1513 1000 Μεθω-

241 1064 348 1148 ναίους
371 1061 444 1135 τούς
467 1063 659 1150 φθάσαντας
683 1065 837 1142 γενέσθαι
861 1071 916 1150 της
941 1063 1106 1146 βασιλείας
1131 1085 1190 1146 μου
1207 1065 1263 1126 καί
1282 1063 1511 1146 κατασχεθένᾖ

241 1205 298 1258 τας
315 1181 387 1271 παρ’
404 1182 516 1264 αύτῶν,
535 1184 628 1251 ύπύτε
646 1183 728 1274 ἦσαν
746 1182 833 1250 ούτοι
849 1195 904 1272 τῆς
921 1187 1086 1270 βασιλείας
1108 1207 1176 1272 μου.
1199 1183 1255 1250 καὶ
1279 1183 1306 1248 εὶ
1327 1189 1383 1272 μὲν
1409 1185 1512 1270 θελιήα

242 1331 350 1377 σουσιν
367 1309 396 1374 οἱ
413 1321 550 1378 τοιοῦτοι
566 1310 721 1400 Κρητικοί
742 1310 760 1398 ἦ
785 1311 813 1374 οἱ
830 1309 1008 1396 Κορωναῖοι
1031 1308 1050 1398 ἢ
1076 1308 1106 1376 οἱ
1127 1308 1325 1376 Μοθωναῖοι.
1349 1306 1401 1375 ἵνα
1418 1309 1513 1372 πάλιν

242 1430 318 1497 ὦσιν
336 1433 449 1510 έκεῖσε,
476 1439 594 1520 μένωσι
610 1434 683 1522 παρ’
709 1433 811 1502 αύτῶν
833 1435 996 1520 ἀβλαβεῖς·
1020 1433 1047 1500 εί
1070 1435 1104 1498 δέ
1130 1436 1326 1522 θελήσουσιν
1343 1431 1449 1498 ἐλθεῖν
1468 1433 1513 1505 εἰς

240 1557 296 1642 τήν
322 1561 430 1650 χώραν
453 1569 509 1646 τῆς
534 1560 698 1644 βασιλείας
727 1581 800 1648 μου,
823 1559 876 1626 ἵνα
901 1557 1099 1626 ἀπολύωνται
1116 1562 1196 1644 μετὰ
1220 1567 1274 1632 τού
1298 1559 1380 1622 λαοῦ
1398 1554 1512 1624 αὐτῶν.

330 1681 399 1774 Ἵνα
429 1680 465 1748 ού
495 1686 554 1770 μὴν
583 1690 804 1774 παραχωρησῃ
833 1683 852 1774 ἡ
879 1689 1026 1769 βασιλεία
1059 1708 1117 1771 μου
1146 1687 1299 1764 γενέσθαι
1329 1682 1512 1770 ἀρμάτωσιν

243 1803 304 1870 ἀπὸ
329 1815 384 1894 τῆς
405 1799 516 1894 Ιχώρας
548 1805 646 1896 αύτῆτ
677 1812 761 1876 κατὰ
791 1819 851 1875 τῶν
882 1809 1067 1874 Βενετίκων·
1104 1807 1217 1872 ἐὰνδὲ
1244 1813 1373 1894 γένηται
1402 1811 1512 1893 ζημία,

240 1927 293 1994 ἵνα
317 1931 493 2018 ὃιορθῶται
517 1934 632 2020 ταύτην
655 1929 675 2020 ἡ
701 1934 848 2016 βασιλεία
874 1955 942 2018 μου.

327 2051 398 2120 Ἵνα
433 2057 488 2122 έάν
523 2060 708 2142 κουρσάριοι
742 2055 905 2124 Βενέτικοι
939 2059 1095 2142 ποιήσωσί
1129 2077 1197 2120 τινα
1234 2058 1349 2142 ζημίαν
1381 2053 1425 2127 είς
1457 2055 1514 2140 τὴν

240 2181 348 2266 χώραν
372 2187 427 2266 τῆς
452 2180 617 2264 βασιλείας
642 2203 715 2266 μου,
748 2183 793 2246 ἔνι
817 2181 931 2268 ἔνοχος
955 2178 972 2246 ὁ
997 2181 1133 2265 μπάίλος
1160 2183 1215 2242 καί
1241 2177 1270 2242 οἱ
1293 2177 1392 2242 ίδικοί
1416 2173 1515 2242 αύτοῦ

241 2299 347 2366 έποίνω
372 2302 417 2377 εἰς
440 2305 494 2368 τόν
520 2301 614 2390 ὅρκον
643 2301 759 2382 αύτιῖιν,
797 2303 880 2378 ὅπως
916 2299 1099 2390 εύρίσκωσιν
1137 2299 1250 2378 αύτούς
1278 2306 1334 2367 καί
1361 2312 1514 2388 κρατῶσι,

238 2429 294 2490 καί
317 2435 429 2490 ποιῶσι
452 2430 563 2500 ποινὰς
595 2427 639 2502 εἰς
662 2425 791 2502 αύτούς,
815 2433 872 2492 καί
904 2426 1057 2513 ἀπαίρωσι
1088 2429 1123 2490 τὸ
1155 2435 1369 2512 πραγμάτων
1393 2423 1513 2510 ἀδικη-

240 2550 376 2626 θέντων,
400 2554 455 2614 καί
479 2548 642 2616 ἐπιδιδόναι
667 2554 744 2638 πρὸς
776 2549 905 2628 αύτούς,
938 2549 1013 2616 ἄνευ
1041 2555 1146 2633 μέντοι
1169 2561 1228 2614 τῶν
1252 2549 1428 2616 Βενετίκων
1452 2557 1515 2614 τῶν

239 2673 438 2758 κρατούντων
467 2679 562 2764 νησία
590 2673 647 2741 καὶ
675 2676 718 2762 μὴ
749 2671 961 2760 ἀποκειμένων
990 2685 1027 2761 τῃ
1056 2672 1197 2758 Βενετίορ·
1231 2673 1285 2740 ἐὰν
1309 2675 1344 2738 δέ
1369 2677 1425 2740 καί
1449 2673 1513 2738 ἀπὸ

239 2793 347 2880 έτέρου
383 2802 493 2878 γένους
516 2797 536 2886 ἢ
563 2795 624 2864 ἀπὸ
649 2809 708 2862 των
733 2804 849 2886 νησίων
873 2808 947 2874 τῶν,
984 2795 1026 2870 ὡς
1051 2797 1187 2884 εἴρηται,
1224 2799 1266 2886 μὴ
1298 2794 1515 2884 ὑποκειμένων

238 2927 277 3005 τῃ
307 2918 437 3004 Βενετία
466 2921 588 2985 ἔλθωσι
616 2924 800 3008 κουρσάριοι
828 2925 911 2986 κατὰ
940 2931 995 3010 της
1025 2925 1134 3008 χώρας
1161 2931 1217 3008 τῆς
1242 2923 1407 3006 βασιλείας
1439 2944 1513 3006 μου,

239 3039 276 3109 ού
301 3045 361 3129 μην
390 3044 546 3132 δέχωνται
575 3039 690 3119 αύτούς
713 3043 803 3132 ἀφείς
832 3048 940 3132 χώραν
970 3043 1071 3111 αύτιῖν
1095 3043 1114 3132 ἢ
1141 3044 1184 3118 εὶς
1208 3051 1331 3134 νησίον,
1365 3042 1434 3110 ἀλλ’
1458 3043 1514 3107 ἵνα

239 3168 406 3256 μάχωνται
434 3173 490 3234 καί
518 3166 739 3234 ἀποδιύκωσιν
776 3167 903 3247 αύτούς,
940 3172 1055 3244 καθὼς
1081 3173 1138 3234 καί
1166 3169 1196 3233 οἱ
1227 3180 1282 3236 τοῦ
1317 3175 1432 3257 μέρους
1455 3179 1514 3256 τῆς

239 3289 405 3374 βασιλείας
429 3314 499 3378 μου.
526 3290 612 3366 ὅστις
635 3295 670 3356 δέ
695 3291 890 3380 ἀναδέχεται
919 3296 1061 3374 τούτους,
1089 3293 1146 3358 ἐὰν
1172 3289 1247 3379 εύρῃ
1273 3299 1422 3379 τιμωρίαν
1448 3292 1513 3358 ἀπὸ

237 3418 293 3501 της
318 3415 482 3498 βασιλείας
519 3439 592 3500 μου,
629 3413 665 3479 ού
690 3419 750 3503 μην
776 3415 920 3504 ἐνέχεται
943 3414 961 3503 ἡ
988 3419 1135 3502 βασιλεία
1167 3441 1228 3503 μου
1261 3416 1306 3490 είς
1338 3420 1390 3481 τὸν
1415 3414 1514 3503 ύρκον

238 3541 332 3624 χάριν
356 3547 412 3626 τῆς
434 3541 630 3612 παιδεύσεως
655 3549 713 3604 τῶν
737 3543 896 3605 τοιούτων.

326 3659 399 3727 Ἵνα
423 3664 479 3728 έὰν
505 3665 610 3751 συμβη
642 3667 795 3744 γενέσθαι
820 3689 847 3728 τι
872 3666 1005 3754 σφάλμα
1031 3664 1091 3730 ἀπὸ
1117 3675 1170 3730 τοῦ
1195 3669 1308 3751 μέρους
1337 3675 1392 3754 τῆς
1416 3665 1515 3731 Βενε-

237 3791 306 3859 τίας
331 3785 374 3858 εἰς
398 3789 432 3850 το
458 3793 553 3872 μέρος
576 3795 632 3873 τῆς
657 3788 823 3870 βασιλείας
848 3811 922 3874 μου,
948 3784 984 3851 ού
1010 3791 1070 3874 μὴν
1095 3783 1219 3874 ἀπολύῃ
1236 3811 1255 3876 η
1274 3787 1423 3872 βασιλεία
1448 3813 1515 3875 μου

237 3889 446 3998 την-ἀγάπην
482 3919 537 3974 τοῦ
573 3905 800 3988 εὐγενεστάτου
835 3912 951 3984 δουκός
979 3909 1127 3986 Βενετίας
1155 3917 1288 3977 καὶτοῦ
1319 3918 1515 3997 κουμουνίυυ

238 4027 356 4112 αύτιῖιν,
392 4038 448 4096 καί
471 4042 596 4119 κινῆται
621 4033 666 4106 εἰς
695 4040 817 4121 μάχην,
855 4031 924 4098 ἀλλ’
960 4031 1011 4098 ἵνα
1043 4035 1202 4122 διαμηνίιη
1228 4035 1271 4120 tq}
1294 4032 1515 4122 εύηενεστοίτιρ

238 4155 331 4220 ύουκί
355 4153 503 4229 Βενετίας
526 4162 581 4220 καί
606 4156 648 4242 τῷ
678 4163 870 4244 κουμουνίιρ,
904 4162 958 4220 καί
990 4162 1114 4244 γίνηται
1146 4157 1216 4244 παρ’
1251 4154 1352 4225 αύτων
1376 4157 1395 4247 ἡ
1421 4161 1515 4244 διάρ-

236 4281 349 4353 θωσις.
379 4278 528 4354 ὡσαύτως
550 4279 611 4350 ,ἵνα
635 4279 689 4344 ἐὰν
721 4284 826 4368 συμβῃ
859 4283 1013 4361 γενέσθαι
1037 4305 1064 4344 τι
1089 4285 1221 4372 σφάλμα
1252 4289 1339 4370 παρὰ
1371 4293 1426 4348 τοῦ
1451 4291 1514 4372 μέ-

238 4423 312 4487 ρους
335 4411 391 4490 τῆς
415 4405 580 4487 βασιλείας
612 4426 673 4488 μου
698 4405 742 4478 εἰς
766 4408 800 4468 τὸ
826 4410 922 4490 μέρος
947 4414 1001 4490 τῆς
1025 4404 1186 4484 Βενετίας,
1223 4401 1259 4470 ού
1292 4409 1352 4496 μην
1385 4405 1515 4494 ἀπολύῃ

238 4524 353 4602 ύδούξ
376 4527 524 4602 Βενετίας
558 4533 614 4594 καί
639 4531 673 4591 τά
698 4531 886 4613 κουμούνιον
911 4529 965 4616 τὴν
995 4526 1121 4618 ἀγάπην
1157 4540 1212 4617 της
1248 4533 1413 4615 βασιλείας
1438 4557 1513 4619 μου,

238 4656 295 4716 καί
325 4662 450 4739 κινῆται
483 4653 528 4727 είς
561 4657 684 4740 μάχην,
718 4651 786 4717 ἀλλ’
818 4652 869 4720 ἵνα
901 4654 1059 4740 διαμηνύῃ
1084 4651 1100 4718 ὁ
1125 4655 1199 4728 δούς
1222 4654 1371 4730 Βενετίας
1395 4663 1451 4722 καί
1476 4664 1515 4723 τύ

236 4778 425 4863 κουμούνιον
458 4789 496 4864 τῃ
530 4777 677 4870 βασιλείῃ
713 4798 781 4866 μου,
814 4781 869 4840 καί
906 4781 1029 4863 γίνηται
1052 4782 1137 4861 παρὰ
1165 4772 1414 4864 τηςβασιλείας
1451 4805 1517 4867 μου
