3148 5268
1266 359 1329 426 133

83 557 159 618 τοίων
181 556 355 638 γομαρίων,
379 549 421 628 ύις
445 551 576 642 εἴρηται,
601 549 699 627 ούτως
722 554 1014 642 διατραχδήστται.
1038 557 1109 640 αερί
1131 553 1167 618 δά
1192 563 1251 618 τῶν
1275 553 1329 620 διὰ

81 681 161 763 ξηρᾶς
188 675 371 763 ἀρχομένων
399 675 516 762 ὁμοίοις
544 682 600 744 καί
627 675 721 752 αύδις
750 673 845 756 ούτω,
879 678 962 765 τλήν
989 675 1041 744 ἐπὶ
1063 688 1101 764 τη
1125 677 1247 766 ἐκβολῇ
1270 687 1330 744 τῶν

82 803 225 886 γομαρίων
249 799 357 886 ἄστρα
379 800 507 868 δώδεκα
529 805 585 866 καὶ
608 798 658 868 ἀτί
681 812 720 888 τη
742 801 890 888 τωληοίιγ
912 800 956 876 είς
979 805 1020 868 τὰ
1039 798 1155 868 ίκατὸν
1179 801 1212 866 ἓν
1236 798 1329 868 ἀκαι-

80 928 272 1012 τηδήσονται
297 927 376 1012 τρύς
398 929 520 1002 τούτοις
542 925 710 1000 Βενύτικος
733 927 899 992 διαπωλύν
922 925 942 1014 ἢ
966 929 1022 994 καί
1045 923 1211 1011 ἀγοράζων
1235 925 1331 1011 βλατ-

80 1055 130 1128 τία,
152 1050 345 1136 κολιχάρτια
367 1053 425 1116 καί
446 1048 540 1136 ύτιρα
562 1057 693 1116 τοιαῦτα
715 1061 848 1116 ταντοῐα
872 1049 943 1138 οίδη
962 1051 1094 1116 αλιῑστα
1116 1047 1137 1136 ἢ
1161 1053 1217 1116 καί
1237 1046 1331 1130 ύλίγα

79 1174 115 1246 εἰς
146 1177 184 1240 τὰ
219 1171 335 1240 ἐκατύν
369 1175 404 1240 ἓν
444 1172 596 1240 ἀποτίσει
632 1177 688 1240 καί
719 1182 818 1240 ταῦτα
853 1177 910 1260 μὲν
945 1169 1025 1240 υύτω
1064 1176 1149 1240 κατὰ
1182 1173 1237 1262 τήν
1272 1183 1332 1240 τῶν

77 1296 236 1364 Γενουῐτιῐιν
260 1297 351 1364 ἔσται
373 1299 558 1385 συνήθειαν.
584 1297 614 1364 εὶ
635 1293 662 1363 δ’
684 1296 761 1372 ίσως
779 1295 838 1364 καὶ
860 1294 893 1374 ἐξ
916 1295 1103 1388 ἀλλοδακής
1124 1297 1224 1386 ρυλής
1247 1317 1329 1368 τινος

76 1419 166 1506 ἕτεροι
201 1425 328 1507 συνάμα
362 1417 468 1494 αὐτοῖς
503 1419 644 1488 ἐνταῦθα
677 1421 918 1504 καταλάβωσιν,
950 1416 987 1486 υύ
1010 1417 1081 1486 κατ’
1106 1415 1219 1494 αύτούς
1243 1415 1330 1486 ούτοι

75 1545 416 1632 αομμερκευύήσυνται,
442 1541 511 1610 ἀλλ’
535 1541 578 1619 ὣς
604 1547 697 1623 ξένοι,
720 1547 817 1630 τυχύν
840 1549 896 1610 καί
920 1542 1097 1632 ἀλλότριον.
1122 1545 1179 1632 τήν
1201 1543 1238 1608 δύ
1261 1565 1329 1608 τοι-

76 1672 162 1755 αύτην
195 1669 344 1736 δουλείαν
372 1679 428 1734 τοῦ
462 1674 659 1758 κομμερκίου
681 1667 702 1758 ή
726 1669 873 1754 βασιλεία
908 1691 969 1756 μου
991 1673 1048 1735 καί
1071 1672 1107 1734 τύ
1130 1671 1329 1758 δεορρούρη-

76 1814 121 1858 τον
147 1787 245 1878 αὐτῆς
274 1795 454 1878 βεστίαριον
482 1793 617 1868 καθίξαι
644 1795 791 1870 πάντοτε,
818 1795 875 1856 καὶ
891 1794 969 1878 τρός
1000 1791 1166 1880 ἀλλότριον
1190 1789 1250 1858 ούκ
1274 1790 1329 1858 ἀκ-

75 1917 161 1982 διύσιι
189 1920 372 2004 σρύσωτον,
397 1915 426 1982 εὶ
449 1920 542 2004 μήκω
565 1937 602 1996 γε
625 1919 702 2004 τρύς
726 1913 841 1990 αύτούς
863 1916 904 2002 δή
928 1917 1000 1988 τούς
1022 1915 1223 1994 Βενετίκυυς,
1247 1911 1329 2001 διτη-

74 2047 139 2106 νίκα
171 2043 211 2128 δή
247 2043 520 2129 συμβιβασδύντες
555 2041 747 2130 θελήσωσιν.
780 2039 827 2106 ἔτι
861 2039 1102 2120 ἐαεγκελεύεται
1131 2036 1152 2128 ή
1183 2041 1330 2124 βασιλεία

74 2189 127 2252 μου
150 2165 237 2253 ἔχειν
260 2169 388 2240 τούτους
409 2165 491 2233 ίδιυν
515 2168 621 2248 ίύγιον
643 2170 700 2234 καί
722 2167 928 2244 τεκουλικύν,
956 2165 1002 2230 ίτι
1024 2165 1060 2230 δλ
1084 2165 1250 2251 σκιδαμήν
1272 2168 1329 2230 καί

74 2291 236 2364 ταλαλίους
259 2289 296 2356 ἐκ
320 2301 380 2356 τῶν
398 2291 476 2377 τρύς
495 2294 619 2370 γάνους,
648 2291 742 2356 καθα
763 2291 803 2376 δή
826 2293 884 2376 καὶ
906 2287 936 2354 οί
958 2284 1122 2356 Γενουίται
1144 2291 1327 2378 κέκτηνται.

74 2417 172 2502 ἐπειδὴ
201 2415 259 2482 καὶ
286 2420 380 2482 τύσον
408 2416 453 2490 εἰς
476 2417 684 2482 διανάτταυσιν
715 2410 803 2480 ούτοι
833 2415 949 2480 τούτων
973 2416 1061 2500 παρὰ
1083 2421 1139 2500 τῆς
1163 2413 1328 2498 βασιλείας

74 2563 125 2626 μου
151 2539 363 2628 ἐξῃτήσαντο,
398 2535 588 2628 ἡγησαμίνη
621 2542 678 2604 καί
709 2545 801 2604 τούτο
825 2538 898 2604 δύυν
922 2533 1041 2616 αὐτοῖς,
1076 2537 1248 2622 διορίζτται
1274 2537 1329 2604 διὰ

73 2675 120 2730 τοῦ
151 2669 309 2751 παρόντος
342 2665 581 2752 χρυσοβούλλου
614 2663 712 2742 λύγου
745 2663 822 2748 τρύς
858 2658 986 2740 αύτούς,
1018 2658 1060 2736 ὡς
1089 2658 1128 2727 ἂν
1151 2660 1252 2748 ἔχωσι
1274 2665 1330 2728 καί

73 2793 218 2874 νέμονται
252 2786 438 2876 ἐλευθερίαν
473 2791 529 2854 καί
556 2785 799 2874 ἀκαταίήτητον
833 2788 934 2872 τάντη
970 2790 1089 2872 χάριτα
1118 2789 1175 2851 καί
1208 2786 1329 2872 δωρεὰν

71 2917 147 3000 ταρὰ
174 2922 232 3000 τῆς
262 2913 427 2998 βασιλείας
455 2933 516 2998 μου
543 2911 597 2998 τήν
626 2912 819 2976 τοτοθεσίαν
846 2911 902 2996 τήν
926 2905 1023 2975 ούσαν
1047 2912 1103 2976 καὶ
1126 2909 1327 2996 διακειμίνην

72 3041 210 3104 κάτωθεν
235 3045 291 3124 τῆς
315 3045 412 3124 μονῆς
435 3045 490 3102 τοῦ
515 3033 608 3116 ἁγίου
632 3036 914 3122 μεγαλομάρτυρος
937 3038 994 3100 καί
1017 3035 1175 3118 στβαστού
1198 3035 1326 3102 Θεοδω-

73 3183 119 3245 ρυυ
141 3171 195 3228 τοῦ
217 3161 345 3246 Γαβρᾶ,
368 3157 437 3246 ἥτις
460 3161 501 3246 δή
524 3159 701 3225 τοτυδτσία
722 3160 961 3246 περιορισθεῑσα
989 3161 1230 3244 μεμετρημένως
1258 3181 1326 3223 τοι-

73 3287 159 3374 αύτην
193 3285 266 3374 ἔχει
298 3286 499 3351 διατύπωσιν.
529 3282 665 3372 ἄρχεται
694 3281 755 3348 ἀτύ
786 3283 842 3369 τήν
870 3282 979 3358 ἔξοδον
1008 3279 1046 3350 ἐκ
1068 3291 1124 3369 της
1148 3280 1325 3369 ἀκρογωνι·

72 3417 136 3484 αίας
161 3418 219 3476 τοῦ
242 3414 463 3498 χαμαιστύγυυ
486 3407 678 3495 οἰκήματος,
701 3411 757 3472 καὶ
784 3405 958 3494 ἀπέρχεται
980 3410 1065 3474 κατά
1089 3403 1247 3479 ἀνατολὰς
1270 3407 1325 3494 τήν

72 3529 135 3598 ύδύν
168 3543 224 3600 τοῦ
260 3531 353 3614 ἁγίου
380 3531 599 3620 Χριστορύρου
625 3533 681 3598 καὶ
708 3538 763 3595 τού
787 3527 879 3610 άγίου
902 3527 1044 3617 Νικήτου
1070 3527 1131 3604 ἕως
1155 3528 1200 3604 εὶς
1225 3528 1325 3618 ἄλλην

70 3663 174 3736 γωνίαν
202 3656 394 3744 οἰκήματος,
422 3655 506 3722 ἔνθα
523 3653 605 3720 ἐστὶν
629 3651 722 3742 δτύρα
744 3651 834 3734 δδύς,
857 3657 913 3720 καὶ
936 3657 1129 3740 κατάρχεται
1151 3657 1237 3720 κατὰ
1259 3655 1326 3720 δά-

69 3781 177 3848 λατταν
201 3781 258 3870 τήν
281 3776 378 3867 αὐτήν
402 3777 476 3846 δδύν
498 3781 575 3866 πρὸς
599 3779 652 3866 τήν
683 3778 846 3864 λατινικὴν
870 3775 1060 3866 ἐκκλησίαν,
1088 3775 1155 3842 εἶτα
1178 3778 1325 3844 κυκλοει-

70 3905 123 3978 διῐις
145 3903 250 3971 ὁδεύει
276 3907 354 3991 σρύς
383 3905 471 3970 δύσιν
496 3900 559 3977 ύως
588 3901 632 3978 τίς
655 3904 711 3990 την
736 3951 875 3966 .....
900 3899 1053 3968 ἀτύδοσιν
1076 3905 1132 3968 καί
1156 3910 1210 3969 τοῦ
1234 3899 1326 3981 ἁγίου

70 4027 289 4118 Χριστυρύρυυ,
313 4031 369 4094 καί
392 4025 623 4114 ἀναδραμοῦσα
644 4024 846 4103 ἀποδίδωσιν,
871 4020 949 4090 ὅθεν
972 4023 1104 4112 ήρΕατυ,
1127 4028 1182 4090 καί
1205 4030 1325 4104 γίνεται

70 4149 192 4240 ούργιων
216 4153 391 4238 βασιλικῶν
406 4151 498 4228 δίκα,
523 4151 786 4238 χειρυσκιδάμων
811 4145 1011 4236 ἀγδοήκοντα
1037 4151 1144 4226 πέντε,
1173 4151 1229 4224 τὰς
1257 4171 1323 4214 τοι-

71 4279 157 4352 αύτας
172 4278 322 4366 δηλονύτι
342 4271 419 4349 ύδὰς
443 4272 711 4348 ἀκαταδυυλιίιτας
734 4273 936 4362 φυλάττουσα
960 4273 1119 4358 γύρωδεν,
1143 4269 1247 4359 ὥσπερ
1263 4271 1324 4338 εἰσί

71 4409 126 4466 νύν·
147 4402 220 4476 τούς
247 4402 283 4466 δὲ
307 4400 402 4472 ναούς
426 4407 480 4464 τοῦ
497 4395 590 4478 άγίου
605 4397 823 4484 Χριστυρύρου
838 4399 895 4460 καί
911 4403 966 4460 τού
982 4391 1076 4475 ἁγίου
1091 4393 1234 4483 Νικήτου
1249 4417 1326 4488 κρο-

71 4531 238 4614 οτάσσυμεν
262 4525 342 4592 εἶναι
367 4522 651 4596 ἀκαταδουλιύτους
671 4525 727 4586 καί
744 4519 803 4598 ίξω
826 4529 882 4588 τού
898 4522 1042 4586 τοιούτου
1063 4530 1280 4608 σεριυρισμοδ.
1306 4519 1323 4586 δ

70 4653 117 4734 μὲν
139 4649 230 4734 ἀγιος
252 4649 470 4738 Χριστορύρος
491 4643 545 4714 ἵνα
561 4645 624 4734 ύχη
642 4643 704 4711 ἀπὸ
720 4646 839 4718 δύσεως
856 4643 902 4718 εὶς
917 4644 1017 4731 νομήν
1034 4641 1132 4710 αὐτοῦ
1147 4647 1202 4732 τήν
1219 4644 1324 4712 ἀκτισε

68 4775 173 4865 πηγήν,
202 4772 265 4842 ἀσύ
288 4769 316 4839 δ’
341 4771 499 4861 ἀνατολής
523 4765 650 4858 ούργίαν
675 4774 759 4858 μίαν.
787 4765 804 4833 ύ
831 4768 867 4835 δὲ
896 4763 987 4850 ἅγιος
1006 4765 1152 4860 Νικήτας
1175 4771 1238 4836 ατύ
1261 4775 1321 4862 μὲν
