3148 5268
235 379 280 452 80

234 583 290 645 καί
313 582 390 666 πρός
415 579 432 642 ὃ
455 581 669 666 διακρίνουσιν
694 575 782 644 σδτυι
806 573 1124 666 ἀντιπαρατάξασθαι
1149 575 1265 657 αιίτυίς,
1286 583 1342 644 ναί
1357 577 1409 644 ἵνα
1426 577 1508 662 διδῷ

234 703 255 794 ἡ
284 707 433 791 βασιλεία
464 727 523 790 μου
550 716 606 792 τῆν
642 705 751 780 ἔξοδον
786 713 842 790 τῆς
872 703 1021 794 ἡμισείας
1050 701 1148 789 ῥόγας
1171 716 1240 769 Ιτων
1267 707 1420 789 σωμάτων
1445 713 1510 766 τῶν

236 833 383 894 τοιούτων
411 834 590 916 πατίργων,
627 835 793 916 γινομένου
822 825 920 914 δριιου
948 833 1034 915 παρά
1059 851 1092 894 τε
1121 838 1175 894 τοῦ
1211 829 1327 901 βουνός
1356 827 1510 900 Βενετίας

234 953 371 1019 καὶτοῦ
397 959 588 1040 κουρουνίου
620 947 737 1030 αὐτῶν,
775 949 822 1016 ὅτι
851 955 966 1026 καθὼς
1001 953 1170 1038 μέλλουσιν
1197 948 1285 1014 οδτυι
1312 952 1423 1014 δοῦναι
1450 951 1511 1036 τήν

234 1076 383 1166 ἡμίσειαν
412 1074 509 1164 ῥόγαν
537 1085 598 1142 τῶν
626 1073 774 1142 ’τοιούτων
804 1081 958 1163 σωμάτων
987 1075 1061 1141 ἀνευ
1094 1079 1177 1150 τινός
1205 1077 1315 1152 δόλου,
1350 1073 1403 1138 ἵνα
1431 1073 1512 1158 διδῷ

235 1208 291 1269 ναί
313 1201 334 1292 ἡ
359 1205 510 1288 βασιλεία
533 1225 593 1290 μου
617 1205 673 1290 τόν
696 1201 844 1290 ἡμίσειαν
870 1197 967 1286 βόγαν
991 1211 1052 1265 τῶν
1076 1205 1246 1287 σωμάτων,
1273 1199 1425 1264 ἰσόπυσον
1449 1208 1511 1284 τῆς

235 1325 335 1414 ῥόγας
358 1311 414 1415 τῆς
437 1328 597 1401 Βενετίας.
623 1329 679 1392 ἀάν
703 1328 737 1391 δὲ
761 1324 781 1414 ἡ
806 1329 955 1412 βασιλεία
987 1347 1048 1413 μου
1076 1327 1201 1413 μηνύσῃ
1228 1328 1306 1410 πρός
1334 1343 1422 1397 τινας
1445 1335 1510 1386 τῶν

235 1453 398 1539 ἀρχόντων
417 1437 476 1541 τῆς
499 1451 649 1524 Βενετίας
673 1457 729 1516 καί
749 1454 850 1540 φίλων
870 1461 930 1540 τῆς
959 1453 1125 1536 βασιλείας
1154 1473 1229 1537 μου,
1264 1449 1316 1514 ἵνα
1352 1448 1509 1536 ἀρματιίι-

235 1601 314 1646 σωσι
329 1582 470 1666 κατεργα
492 1575 550 1642 καὶ
570 1578 764 1642 δουλεύσωσι
787 1589 825 1663 τῇ
851 1578 1000 1660 βασιλεία
1024 1599 1093 1662 μου,
1118 1581 1174 1640 καί
1198 1577 1364 1663 θελήσωσι
1380 1577 1434 1638 διὰ
1449 1577 1511 1661 τὴν

236 1699 362 1789 ἀγάπην
386 1703 634 1790 τῆςβασιλείοις
657 1691 717 1787 μου
739 1709 872 1787 ποιῆσαι
895 1695 997 1778 τοῦτο,
1022 1697 1058 1764 οὐ
1084 1703 1143 1788 μὴν
1169 1699 1395 1786 όμπυδίσονται
1419 1694 1512 1763 οὗτοι

235 1825 280 1898 είς
311 1835 403 1891 τοῦτο
432 1831 518 1912 παρὰ
546 1835 601 1891 τοῦ
630 1823 858 1906 εὐγενεστάτου
881 1826 998 1899 δσινιτός
1021 1823 1170 1898 Βενετίας
1193 1823 1213 1912 ἢ
1237 1833 1292 1889 τοῦ
1314 1830 1512 1909 νυυμουνίου

235 1947 352 2028 αὐτῶν)
378 1947 447 2014 ἀλλ’
471 1947 546 2014 υάδὲ
570 1947 589 2037 ἡ
616 1948 769 2033 βασιλεία
788 1969 849 2034 μου
870 1946 924 2012 ἵνα
949 1947 1122 2036 ἀποστείλῃ
1148 1953 1340 2013 τὰτοιαῦτα
1364 1953 1512 2033 κάτεργσι

234 2077 319 2138 κατὰ
334 2077 451 2161 ’χώρας
474 2075 557 2147 τινός
582 2072 722 2161 ἐχούσης
746 2074 852 2161 φιλίαν
877 2075 957 2159 μετὰ
980 2083 1036 2160 τῆς
1059 2071 1217 2146 Βενετίας.

320 2196 407 2278 Ἵνα,
437 2197 492 2264 ἐὰν
520 2199 574 2263 διὰ
602 2201 698 2286 ξηρᾶς
727 2200 834 2286 συμβῇ
869 2197 974 2263 ἐλθεῖν
1002 2203 1169 2287 ιροσσοίτον
1200 2202 1285 2262 κατὰ
1315 2203 1423 2285 χώρας
1451 2209 1514 2285 τῆς

235 2325 402 2408 βασιλείας
427 2345 501 2409 μου,
526 2322 555 2387 υἱ
575 2319 801 2410 εὑρισκόμενοι
825 2321 857 2386 ἐν
882 2321 996 2409 ἀνιείνιρ
1019 2325 1063 2405 τῷ
1085 2326 1169 2408 τόπῳ
1192 2321 1356 2388 Βενότιιιοι
1384 2324 1514 2411 φυλάσ-

235 2467 351 2512 σωνται
375 2453 430 2513 ναί
455 2444 542 2512 οὖτοι
565 2451 651 2534 παρὰ
676 2455 731 2534 τῆς
755 2449 921 2532 βασιλείας
946 2471 1020 2534 μου,
1046 2445 1089 2516 όις
1113 2451 1169 2512 ταί
1193 2446 1223 2511 οἱ
1246 2443 1305 2511 όπό
1330 2449 1385 2534 τὴν
1409 2449 1512 2531 βασι·-

235 2575 324 2637 λείαν
348 2595 408 2659 μου
431 2571 592 2659 Ῥωμαῖαι,
617 2569 638 2660 ἢ
663 2571 707 2646 είς
732 2571 1064 2638 Κωνσταντινοόπολιν
1086 2569 1107 2659 ἢ
1131 2571 1184 2645 είς.
1203 2572 1453 2659 Θεσσαλονίκην.

321 2693 392 2762 Ἵνα
415 2699 514 2784 θήσει
538 2699 572 2760 τό
594 2698 786 2782 νουμοόνιον
814 2705 869 2782 τῆς
897 2695 1047 2768 Βενετίας
1075 2696 1219 2784 κεφαλὴν
1248 2693 1351 2760 ἐπάνω
1379 2695 1425 2768 είς
1454 2700 1514 2760 τόν

236 2824 315 2886 λαόν
343 2819 454 2899 αὐτῶν,
485 2826 541 2886 καί
572 2821 769 2909 ὀνομάζηται
802 2823 948 2908 μπάῐλος,
980 2825 1035 2886 καί
1067 2821 1249 2908 ἀποστὲλλγ]
1273 2825 1358 2887 κατὰ
1381 2826 1513 2898 τόπους,

237 2947 319 3012 ἔνθα
344 2949 512 3033 μίλλουσίν
538 2946 623 3033 ἔχειν
648 2945 855 3024 ἀναπαύσεις,
883 2949 1008 3032 πριτάς,
1038 2942 1123 3019 ὅπως
1144 2946 1319 3026 ,διεξάγωσι
1347 2948 1515 3011 τόνλαόν

236 3067 347 3137 αὐτῶν.
373 3069 457 3137 ἀλλά
485 3075 541 3137 καί
567 3051 733 3159 Ῥωμαῖοι,
763 3068 834 3136 δσυι
863 3069 993 3159 ἔχουσιν
1020 3055 1174 3136 δπόθεαίν
1202 3092 1272 3134 τινα
1304 3075 1384 3156 μετὰ
1407 3069 1513 3136 Βενε-

235 3201 344 3276 τίνιων,
371 3200 430 3261 ταί
452 3196 661 3284 θελήσουσιν,
682 3195 738 3262 ἵνα
765 3197 903 3283 κριθῶσι
926 3199 1012 3282 παρὰ
1036 3206 1091 3260 τοῦ
1116 3193 1268 3282 μπαΐλυυ,
1296 3194 1349 3259 ἵνα
1372 3201 1512 3281 ιιρίνων-

234 3345 286 3388 ται
309 3303 365 3387 ιιαὶ
390 3319 475 3388 οὗτοι
498 3327 583 3388 κατὰ
606 3325 641 3387 τό
665 3323 799 3387 δίκαιον.

320 3443 392 3512 Ἵνα
407 3447 535 3534 ’ἔχωσιν
557 3445 588 3511 οἱ
613 3445 804 3533 ἐγνωσμένοι
831 3445 994 3511 Βενὲτιιιοι
1021 3450 1136 3518 πάντες
1165 3443 1309 3520 ἐξουσίαν
1333 3443 1378 3516 εἰς
1400 3447 1514 3515 πόσας

235 3573 292 3644 τὰς
317 3573 427 3657 χώρας
451 3581 506 3659 τῆς
530 3573 696 3655 βασιλείας
721 3593 794 3658 μου,
820 3558 878 3658 ’ἀφ’
904 3567 952 3643 αίς
985 3571 1137 3656 μὲλλυυσι
1163 3581 1260 3634 ποιεῖν
1283 3574 1512 3655 πραγματείαν

233 3697 330 3760 med·
347 3717 379 3760 τε
409 3698 507 3784 ξηρὰν
542 3701 597 3760 καί
625 3697 813 3770 θάλασσαν,
843 3683 1010 3760 ἀλλάἰιαί
1039 3698 1135 3781 χωρίς
1160 3698 1383 3780 πραγματείας
1407 3691 1510 3778 ἐρχό-

234 3845 323 3909 μενοι
359 3819 418 3886 ἵνα
447 3823 636 3909 διέρχωνται
670 3825 725 3886 καί
760 3821 804 3895 είς
839 3831 897 3908 γῆν
924 3825 980 3886 καί
1015 3820 1058 3894 είς
1091 3823 1264 3886 θάλασσαν
1293 3824 1390 3906 χωρίς
1419 3842 1510 3893 τινος

233 3950 354 4022 δόσεως
377 3951 433 4014 καί
458 3947 656 4036 ἐμποδισμοῦ
679 3950 735 4012 καὶ
759 3952 856 4034 χωρίς
873 3947 992 4020 δόσεως
1013 3949 1170 4024 τελωνίου,
1196 3947 1393 4031 διαβατιιιυό,
1418 3967 1508 4032 κομ-

234 4079 379 4160 μερκίου,
416 4052 627 4139 σκαλιατινιοδ
662 4075 719 4136 καὶ
750 4069 852 4161 ἄλλης
887 4069 1014 4159 ἀπάσης
1048 4071 1178 4145 δόσεως.
1206 4069 1259 4134 ἵνα
1294 4070 1324 4135 οἱ
1358 4073 1510 4159 φέροντες

232 4203 451 4284 πραγματείας
479 4195 657 4273 Βενέτιιιοι,
695 4196 776 4262 ἔνθα
805 4193 842 4260 ἀν
874 4201 992 4286 φέρωσι
1019 4197 1150 4274 ταύτας,
1186 4197 1369 4260 δεικνύωσιν
1405 4191 1509 4268 αότόις

234 4334 297 4395 τοῖς
319 4327 407 4389 ’κατὰ
430 4326 544 4396 τόπους
571 4325 834 4408 ιιομμερνιιαρίοις
857 4331 912 4408 τῆς
937 4321 1102 4402 βασιλείας
1128 4343 1201 4407 μου,
1226 4325 1282 4384 ναί
1307 4316 1380 4405 μεθ’
1405 4315 1507 4405 δριιου

233 4445 516 4536 ἐξασφαλίίωνται,
553 4441 601 4510 δτι
630 4441 688 4510 σόοι
718 4443 847 4532 ἔχουσιν
879 4441 923 4518 είς
951 4447 1007 4518 τὰς
1033 4450 1253 4531 πραγματείας
1284 4440 1385 4508 αὐτῶν
1409 4443 1506 4518 Εένων

232 4585 322 4639 τινῶν
345 4577 578 4659 πραγματείας,
615 4570 699 4637 ἀλλά
729 4571 761 4636 αἱ
787 4579 1001 4657 πραγματεῖαι
1036 4567 1110 4634 δλαι
1138 4569 1199 4634 είσί
1226 4579 1285 4634 τῶν
1316 4569 1504 4635 Βενετίντων.

232 4701 288 4763 καί
309 4693 362 4762 ἵνα
387 4699 430 4786 μή
464 4697 764 4784 παρυπυιτρόπτωσιν
796 4695 833 4761 ἐκ
866 4707 926 4761 τῶν
956 4706 1179 4783 πραγματειῶν
1210 4693 1313 4760 αὐτῶν
1344 4718 1386 4774 τι,
1419 4693 1505 4768 ὅπως

235 4816 447 4912 λαμβάνωσιν
474 4819 503 4888 οἱ
538 4825 622 4886 κατὰ
657 4825 770 4893 τόπους
804 4823 1054 4909 κυμμεριιιοίριοι
1071 4829 1140 4910 ’τῆς
1175 4819 1342 4906 βασιλείας
1377 4841 1439 4908 μου
1468 4821 1504 4885 τό
