3164 5264
1256 335 1322 400 329

34 529 120 614 ρὴτυ
150 523 168 593 ὁ
194 530 275 602 θεὸς
301 527 359 614 ι’ἡν
386 525 537 616 ἁλὴθηα,
573 531 728 616 βασιλεύῃ
751 529 916 604 παντελῶς
944 529 990 604 εἰς
1012 533 1076 596 πὰν
1102 534 1239 610 τῑποτες,
1263 527 1321 596 οιαὶ

35 647 138 715 οὐθέν
154 649 248 730 οένον,
272 648 290 718 ὐ
306 655 362 716 οιαὶ
377 651 433 716 θέν
447 655 651 740 τιστατῦμεν,
676 651 761 742 ἀμὴν
783 658 847 720 τὰν
863 655 984 727 σκῦτος
1007 651 1096 732 εἶναι,
1112 657 1152 718 νᾰ
1175 655 1320 740 τιλιιύθη

35 769 57 859 ἡ
89 782 242 859 παροῦσα
270 771 380 863 ἀγάπη
408 776 542 863 ταθσρὴ
564 776 735 856 παντιλῦς,
758 780 815 842 ιιαί
842 773 918 851 ὅλος
943 779 1044 850 πύυυς
1073 773 1234 862 ἀναμέσυν
1259 795 1321 863 ρας

36 899 229 964 σκάνδαλον
255 903 296 964 νά
323 899 425 987 μηθέν
453 904 546 988 γένη,
570 906 627 968 τιαί
653 906 694 968 νά
720 903 948 968 τιαταταύσουν
973 901 1071 968 πολῦν
1095 899 1199 968 έθνῦν
1226 904 1323 983 λάγια

36 1019 208 1107 άπραειτα,
244 1019 324 1089 ὅπου
351 1024 465 1104 λέγυυν
492 1027 587 1090 ποιλέν
622 1023 705 1092 ἂποῦ
733 1031 773 1093 τὰ
797 1027 880 1113 έθνη
903 1029 944 1092 τά
970 1027 1048 1092 θιιιά
1075 1049 1149 1106 σας,
1178 1029 1218 1092 τά
1245 1023 1322 1092 ὅπια

38 1143 126 1208 εἷθιν
150 1147 208 1210 οιαὶ
229 1143 248 1212 θ
270 1149 372 1232 πυράν
400 1167 458 1213 σου
481 1149 594 1236 ρύλος,
617 1152 675 1214 οιαὶ
697 1149 783 1235 θέλη
804 1153 844 1216 τὰ
868 1147 1029 1238 ἀναρέρην
1053 1151 1109 1236 υὴν
1133 1147 1322 1236 ὐσηιυτάτην

37 1291 113 1348 σου,
138 1275 196 1336 οιαὶ
218 1269 273 1336 διὰ
297 1275 456 1360 σηντῦμον
483 1277 523 1360 μέ
547 1275 601 1339 τὸν
622 1277 725 1361 παρῦν
742 1297 803 1361 μου
826 1275 969 1360 σαλάβυν
993 1279 1033 1342 νὰ
1056 1275 1182 1364 έχυμιν
1204 1278 1320 1341 οιαθα·

36 1395 98 1480 ρὴν
130 1391 303 1484 ἀπάρασιν.
340 1405 484 1483 μηνος
518 1401 716 1484 μάρτιυς
744 1397 767 1462 ε’
794 1395 1001 1486 έγράρην
1036 1399 1081 1464 έν
1116 1397 1321 1484 Ἀνθριά-

37 1539 88 1582 νο
101 1539 122 1582 υ
155 1517 290 1606 πύλη.

133 1761 217 1831 vlss.
245 1762 352 1852 Ήμοῑς
375 1768 439 1852 φρὰ
466 1763 595 1852 Πέτρος
618 1765 869 1854 Δαιιομβυυσυλν,
893 1768 974 1832 θεοῦ
998 1767 1116 1854 χαριτὴ
1146 1773 1202 1830 τοῦ
1226 1765 1321 1846 ἁγέυο

39 1886 238 1973 Ὀστητζέυο
261 1895 317 1954 τοῦ
340 1889 539 1976 στητσλλέυυ
562 1897 618 1956 τοῦ
642 1887 736 1970 άγῑυο
758 1887 904 1955 Ἰωάννου
928 1892 981 1956 τὸν
1004 1889 1237 1976 Ἰιροσωλίμυν
1261 1913 1320 1954 τα-

39 2013 154 2084 ποινύς
176 2007 321 2098 μαύσταρ
348 2015 405 2076 οιαὶ
432 2013 535 2100 φύλαξ
561 2021 617 2078 τοῦ
644 2017 755 2098 τιορῑου
777 2009 867 2101 ἡμῶν
890 2012 994 2100 Ἰησοῦ
1017 2013 1166 2099 Χριστοῦ.
1187 2013 1321 2093 γνυστῦν

41 2135 128 2200 έστει
150 2142 207 2222 της
228 2143 338 2213 τάσιν,
362 2145 429 2209 πῶς
452 2139 492 2222 μέ
515 2138 568 2202 τὸν
592 2139 798 2224 τιτιμηριένον
821 2140 879 2201 ιιαί
902 2132 1032 2224 ιύγένην
1056 2133 1157 2224 άρχυν
1176 2138 1229 2201 τῦν
1253 2134 1321 2202 Σα-

40 2261 199 2345 ηνπέαην,
223 2254 466 2344 ἀπυαρισιάριυν
488 2267 545 2324 τοῦ
569 2261 720 2346 ριιγάλυοι
736 2255 902 2338 αὐθέντας,
919 2257 1171 2346 έπαραλάβαμιν
1187 2271 1321 2346 γραραῑς

41 2381 158 2448 ἀπάνοι
186 2379 232 2457 εὶς
260 2383 317 2470 τὴν
346 2383 509 2470 βλέπησην
536 2389 593 2448 ααέ
615 2385 733 2472 τρορὴν
756 2386 812 2448 καὶ
840 2379 945 2459 ἑξάδος
969 2389 1024 2448 τοῦ
1052 2379 1322 2468 έιιλαμπρωτάτυυ

40 2505 183 2592 Ζοζομὴ,
208 2503 349 2594 ἀθιλρυῦ
373 2513 428 2570 τοῦ
453 2507 595 2592 μιγάλοο
619 2501 786 2586 αὐθέντας,
809 2516 876 2580 πῶς
897 2501 918 2594 ἡ
943 2505 1069 2593 μεγάλη
1086 2527 1142 2571 τυυ
1166 2501 1322 2571 αὐθτντία

38 2635 79 2696 νῦ
111 2633 175 2716 μὰς
209 2631 313 2718 στὴλη
350 2629 397 2706 εἷς
431 2631 487 2718 τὴν
521 2628 632 2697 Ῥάθυν
665 2633 760 2697 καθά
794 2633 911 2717 χρόνον
938 2651 969 2716 ,ρ
996 2629 1140 2694 θυυιιάτα
1174 2625 1323 2714 βινέτιιια

39 2763 143 2841 χρισά
171 2753 216 2827 εὶς
243 2755 300 2841 τήν
326 2757 452 2841 πρώτην
479 2750 602 2842 ἡμέραν
637 2763 693 2821 τοῦ
720 2757 853 2842 γρῦνυο,
881 2753 900 2820 θ
928 2751 1029 2840 ὅπηυς
1055 2758 1174 2842 χηρέζη
1198 2753 1243 2828 εἰς
1266 2755 1322 2840 τήν

39 2881 169 2966 τρεέτην
191 2873 315 2966 ἡμέραν
342 2885 398 2943 τοῦ
425 2877 613 2964 θιαιμβρέυυ
642 2887 698 2944 τοῦ
724 2881 941 2965 περασμένυυ,
964 2875 1023 2943 καὶ
1049 2879 1103 2942 διὰ
1130 2880 1183 2943 τῦν
1206 2881 1321 2963 χρόνον

42 3000 155 3082 αὐτόν,
191 2999 271 3068 ὅπου
298 3007 399 3092 τρέχη
431 3007 489 3069 καὶ
516 2999 599 3068 ἇπυύ
627 3001 783 3090 έχὴρισεν
817 3003 862 3077 τὶς
890 3005 946 3090 τήν
972 3005 1098 3090 πρώτην
1125 3013 1181 3070 τοῦ
1207 3005 1322 3090 δικορ-

42 3125 135 3213 βρέοο
158 3135 214 3193 τοῦ
234 3124 454 3214 περασμένυυ,
478 3124 497 3193 ὁ
524 3131 626 3214 μέγας
654 3123 814 3214 αὐθέντης
843 3126 978 3214 έστηλτν
1006 3130 1046 3213 μέ
1070 3128 1124 3192 τὸν
1146 3128 1322 3214 λεγόμενον

43 3247 290 3336 ιἰπουιρισιάριον
312 3271 344 3338 μ
366 3250 511 3315 θυονιάτα
534 3249 681 3334 βτνέτιτια
704 3259 813 3336 χρισά,
830 3245 911 3316 ὅπου
934 3247 1096 3336 έπόμηναν
1120 3247 1165 3323 εἰς
1188 3251 1243 3336 τὴν
1267 3246 1323 3314 εὐ-

44 3373 154 3453 γυλυν,
179 3377 236 3438 οιαὶ
258 3376 337 3460 τύρα
350 3376 440 3461 πάγη
464 3375 504 3438 νά
528 3375 567 3438 τὰ
590 3375 670 3461 ρέρη
695 3368 712 3437 θ
736 3373 909 3460 λεγόμενος
929 3369 1162 3462 ἀπυαρισιάρης
1185 3373 1239 3438 διὰ
1262 3383 1323 3438 τῶν

45 3501 163 3584 χρόνον
192 3493 311 3576 αὐτὸν,
345 3493 424 3562 ὅπου
459 3495 619 3585 έχὴρησεν
647 3495 692 3572 εἰς
727 3499 783 3585 τὴν
809 3501 935 3585 πρώτην
969 3506 1024 3563 τοῦ
1052 3499 1237 3585 θιαεμβρέυυ
1268 3507 1323 3563 τυῦ

42 3623 256 3706 περασμένυυ.
281 3620 336 3686 διὰ
359 3629 452 3686 τοῦτο
482 3616 576 3707 ἡμοῑς
598 3624 684 3686 κατά
707 3622 763 3708 τὴν
791 3623 922 3707 θῦναμιν
949 3625 1006 3686 ναὶ
1033 3627 1214 3708 πιτρυιτέαν,
1242 3619 1323 3687 ὅπου

45 3743 167 3831 έχομιν
192 3741 274 3809 ἄντοῦ
294 3747 348 3810 τῦν
377 3740 537 3834 αὐθέντην
560 3745 718 3832 Ζυζομὴν,
744 3745 941 3833 έπυιὴσαμεν
964 3751 1020 3812 ιιαί
1048 3744 1261 3832 έτελιιῦσαμτν
1283 3747 1324 3832 μέ

45 3869 99 3933 τὸν
129 3871 232 3952 μέγαν
261 3863 421 3956 αὐθέντην
448 3869 504 3934 θιά
531 3879 599 3942 ταῖς
627 3867 733 3946 έίῦθις
760 3872 818 3934 οιαὶ
842 3869 1046 3957 βλεπσσῦνην
1069 3878 1125 3935 τοῦ
1148 3869 1324 3954 λεγομένου

46 3987 208 4065 αὐθέντας
224 3989 349 4077 Ζυζυμὴ
371 3992 425 4056 διὰ
441 3993 496 4079 τήν
513 3991 700 4079 ἀνάπαυυην
716 3996 773 4057 ιιαί
789 3989 959 4079 ἁλλιθένην
976 3993 1092 4082 ριλέαν,
1110 3989 1188 4058 ὅπου
1205 3991 1325 4079 έχυμεν

47 4117 85 4198 μέ
110 4115 167 4179 τῦν
187 4117 290 4199 μέγαν
314 4110 484 4202 αὐθέντην·
507 4119 611 4202 πρώτυ
633 4119 690 4202 μέν
715 4116 769 4180 θιῦι
797 4115 952 4200 βλέπωσιν
975 4113 1033 4180 οιαὶ
1057 4114 1162 4191 ἔξοδος
1185 4120 1243 4180 καὶ
1270 4115 1325 4180 διὰ

48 4235 197 4326 ὰρύρμην
221 4234 319 4324 αὐτὴν
335 4241 375 4324 μέ
397 4239 451 4303 τόν
475 4233 634 4326 αὐθέντην
650 4237 793 4324 Ζυζομὴν
816 4243 857 4303 νὰ
875 4239 1031 4327 πληρώση
1051 4243 1108 4304 καὶ
1130 4243 1171 4304 νᾰ
1187 4239 1290 4326 στήλη
1308 4233 1326 4302 ὁ

49 4365 152 4446 μέγας
169 4357 329 4449 αὐθέντης
344 4364 438 4427 καθὰ
454 4366 568 4448 χρύνυν
592 4361 636 4436 εἰς
660 4363 716 4448 τήν
732 4359 842 4428 Ῥύθυν
858 4361 902 4436 εἰς
919 4366 976 4437 τὰς
991 4366 1101 4450 χεῖράς
1126 4383 1187 4448 μας
1202 4385 1233 4450 Ιμ
1249 4363 1326 4427 θον·

49 4489 136 4551 κάτα
153 4487 302 4569 βενέτιιια
317 4496 418 4572 χριυά
435 4484 481 4559 οὐς
497 4487 552 4572 τὴν
575 4489 700 4572 πρώτην
722 4481 846 4572 ἡμέραν
862 4494 917 4550 τοῦ
933 4486 1137 4572 διναιριβρῑυυ
1153 4495 1208 4550 τοῦ
1224 4505 1328 4571 πυρα·

51 4614 168 4694 σμένοο
184 4611 277 4675 καθὰ
293 4612 409 4697 χρόνον
426 4605 621 4696 έθεέἡστιμε,
635 4607 739 4674 ’ταῦτα
755 4612 811 4674 ιιαί
826 4609 1015 4694 παράλσβυν
1030 4612 1124 4675 καθὰ
1140 4613 1256 4696 χρόνον
1271 4611 1327 4696 τήν

52 4735 178 4820 πρώτην
203 4741 257 4799 τσῦ
273 4733 477 4820 θιααιμβρέυυ
494 4732 524 4820 μ’
538 4733 704 4820 χηληάθις
720 4734 864 4798 δοοιιάτα
880 4743 977 4820 χρισά
1003 4735 1163 4818 βενέτινα,
1179 4729 1270 4820 ἡμεῖς
1286 4739 1327 4798 νά
