3182 5264
200 345 234 403 X

201 533 354 601 habentia
368 533 552 624 pensionem
575 554 679 602 sunus
694 535 881 603 nombmeta
895 556 960 604 sen
977 543 1011 602 et
1025 557 1043 601 e
1057 535 1186 621 regione
1201 533 1297 602 buius
1312 543 1345 602 et
1358 555 1478 604 wanu-

201 655 276 724 dum
294 657 498 745 equalitatem
518 659 618 726 litoris
638 658 726 725 aliud
743 659 957 726 habitaculum
972 677 1031 746 per
1045 659 1199 744 utrimque
1220 657 1389 725 decliuitcr
1411 655 1474 726 de-

201 801 329 850 currens
344 781 485 850 intimum
498 783 646 864 iunctum,
665 783 750 870 quod
766 803 876 850 sersus
891 783 1042 851 orientem
1057 793 1107 850 est
1120 783 1234 862 canali,
1251 791 1287 850 ut
1301 782 1388 870 quod
1402 801 1476 850 rer-

200 927 258 974 sus
271 907 424 974 orientem
438 915 489 975 est
503 909 608 974 canali
623 909 800 996 pertinente
815 928 955 996 prorsus,
972 927 1035 995 que
1050 929 1088 976 er
1103 909 1168 976 elia
1183 917 1273 995 parts
1289 921 1339 976 est
1354 915 1386 973 et
1400 927 1475 974 rer·

201 1051 258 1097 sus
278 1029 429 1098 orientem
451 1031 552 1112 scale,
576 1030 700 1098 babens
722 1029 907 1119 pensionem
929 1031 1146 1098 nomismatum
1169 1031 1324 1118 quisque,
1349 1029 1475 1098 babens

201 1152 433 1240 longitudinem
448 1175 468 1220 a
482 1154 596 1234 canali,
614 1153 699 1241 quod
715 1163 765 1220 ast
779 1173 889 1220 rasus
902 1163 1003 1221 ortum
1019 1163 1051 1221 et
1065 1173 1176 1221 rersus
1190 1153 1386 1221 occidentem
1402 1175 1475 1220 oum

201 1285 234 1344 et
247 1275 350 1364 ipsam
366 1275 499 1344 dimidie
513 1277 626 1344 semite
641 1275 815 1344 cubitorum
828 1277 957 1362 triginta
968 1275 1061 1343 trium
1073 1285 1106 1342 et
1116 1297 1244 1344 censum
1259 1276 1343 1343 aeris
1357 1275 1473 1364 ipsius.

200 1401 267 1469 alia
286 1401 388 1479 scala,
412 1421 474 1488 quc
496 1421 582 1467 nuno
596 1399 713 1468 donata
729 1411 778 1468 est
793 1401 854 1478 είε,
880 1421 942 1488 que
957 1419 1067 1468 versus
1082 1401 1233 1468 orientem
1254 1409 1303 1468 est
1318 1401 1475 1468 eiusmodi

201 1525 298 1606 scale,
313 1525 428 1612 incipit
443 1543 463 1590 a
476 1523 620 1612 predicto
636 1523 741 1591 csuali
757 1545 828 1591 cum
845 1533 877 1590 et
891 1524 964 1611 ipsa
979 1533 1045 1590 tota
1059 1521 1228 1591 latitudine
1244 1523 1398 1591 eiusmodi
1415 1545 1475 1592 ca-

201 1647 298 1722 nalia.
321 1657 353 1714 et
371 1647 519 1734 dirigitur
532 1667 643 1714 uersum
657 1657 760 1714 ortum
774 1667 875 1734 usque
895 1645 1042 1713 adalind
1058 1645 1177 1728 canale,
1196 1646 1280 1734 quod
1297 1656 1347 1714 est
1360 1667 1476 1714 sersus

202 1773 353 1842 orientem
367 1772 476 1858 anguli
492 1771 582 1851 muri,
599 1772 684 1858 quod
697 1780 748 1839 est
761 1771 795 1837 in
807 1771 910 1838 medio
922 1771 1057 1845 cortine,
1072 1771 1283 1856 longitudinis
1298 1771 1476 1840 cubitorum

200 1897 332 1985 triginta
348 1897 443 1964 unius
460 1905 492 1964 et
507 1895 631 1963 dimidii
648 1917 719 1962 cum
734 1905 846 1984 quarta
861 1915 918 1983 per
933 1903 1030 1962 totum
1048 1895 1171 1974 canale,
1196 1895 1282 1982 quod
1297 1903 1348 1964 est
1361 1915 1476 1964 sersus

201 2041 363 2102 occasum,
388 2029 423 2088 ut
437 2020 555 2102 canali,
579 2020 664 2107 qnod
679 2039 790 2086 versus
813 2019 962 2086 orientem
978 2027 1028 2085 est
1042 2018 1217 2106 pertinente
1236 2019 1279 2086 sd
1302 2039 1385 2103 eam,
1411 2039 1477 2107 qna

200 2165 311 2214 versus
326 2151 427 2211 ortum
442 2151 501 2224 est,
517 2143 644 2209 scalam
661 2141 695 2208 iu
711 2163 750 2209 ea
764 2143 926 2208 inuentum
942 2153 992 2208 cst
1002 2141 1216 2208 habitaculum
1227 2141 1366 2208 intimum
1378 2139 1477 2210 unum

201 2289 240 2335 ex
255 2266 380 2335 duabus
395 2265 541 2353 partibus
555 2265 696 2344 stillans,
712 2264 836 2332 babens
851 2265 1034 2353 pensionem
1050 2265 1268 2332 nomismatum
1282 2287 1347 2348 sar,
1365 2275 1399 2334 et
1415 2289 1477 2334 su-

202 2391 382 2480 peroiniera
396 2389 474 2470 duo,
496 2409 558 2475 quc
573 2397 648 2456 sunt
661 2389 798 2456 scalarii.
815 2388 973 2456 clauditur
988 2399 1093 2455 autem
1109 2389 1218 2456 eadem
1234 2389 1322 2456 scala
1337 2391 1478 2459 sudibus

203 2537 259 2584 sex
275 2517 450 2584 cubitorum
466 2535 576 2582 versus
591 2515 741 2582 orientem
757 2521 788 2581 et
803 2513 975 2581 secundum
996 2515 1199 2601 equalitatem
1219 2513 1341 2582 canalis
1360 2525 1396 2583 ut
1416 2537 1476 2584 oa-

203 2642 268 2710 nali
289 2642 435 2710 existenti
456 2649 543 2708 extra
562 2639 693 2708 eandem
713 2642 832 2708 scalam
855 2661 893 2706 cx
915 2647 980 2706 toto
1003 2653 1036 2706 et
1054 2648 1089 2706 ut
1107 2659 1218 2706 umens
1239 2659 1387 2708 ossuum
1408 2641 1477 2709 exi·

206 2775 309 2834 stante
324 2767 453 2856 penitus
469 2767 572 2832 canali
587 2765 671 2832 intra
685 2765 818 2832 eandem
834 2764 960 2831 scalam.
977 2763 1009 2829 in
1026 2783 1065 2832 es
1079 2773 1112 2831 et
1126 2764 1232 2850 lignee
1247 2765 1334 2832 scala
1347 2775 1422 2836 tres.
1438 2766 1476 2832 in

203 2890 381 2980 prescripta
400 2899 505 2958 autam
524 2890 609 2956 intra
622 2907 708 2955 mare
726 2888 833 2972 lignee
848 2887 935 2955 scale
951 2887 1022 2954 dne.
1045 2906 1114 2953 cum
1129 2886 1181 2954 bis
1201 2888 1358 2975 asscripta
1377 2897 1429 2956 est
1443 2899 1480 2958 et

206 3015 322 3084 donam
337 3013 456 3082 cisum
473 3014 696 3082 (leunensibus
711 3011 821 3078 domus
838 3012 925 3078 illius
941 3011 1118 3093 Voturiam,
1137 3031 1199 3098 que
1214 3012 1276 3079 sita
1291 3021 1341 3080 est
1356 3013 1388 3077 iu
1403 3009 1478 3080 loco

206 3138 405 3221 Oelvuorum,
431 3159 493 3226 que
513 3137 561 3204 sic
575 3137 686 3205 habet:
709 3136 768 3203 Dei
790 3145 901 3202 sancta
921 3135 1058 3202 ecclesia
1077 3136 1110 3200 in
1126 3135 1242 3202 solario
1257 3135 1353 3202 unius
1366 3137 1478 3223 auguli

207 3283 276 3331 cum
291 3263 395 3344 trulla,
414 3283 476 3349 que
489 3261 662 3329 sustinetur
673 3259 769 3326 muris
784 3268 817 3326 et
832 3258 1006 3346 columpnis
1022 3267 1176 3345 quattuor,
1190 3277 1252 3338 pua
1268 3257 1406 3339 bitbina;
1424 3258 1480 3325 his

207 3396 326 3466 autem
343 3409 406 3475 que
418 3388 503 3454 intra
517 3385 654 3454 tribunal
670 3393 840 3458 strenam,
855 3383 977 3450 indutis
991 3382 1198 3450 marmoribus
1212 3383 1406 3450 diuersorum
1421 3403 1480 3451 eo·

207 3513 425 3597 lurumusque
445 3509 663 3589 adornatum,
686 3507 774 3594 quod
793 3507 909 3574 dicitur
930 3505 1086 3585 oosmitis;
1110 3505 1259 3582 edificiis,
1283 3525 1345 3593 que
1366 3517 1442 3574 sunt
1457 3530 1484 3576 a

207 3633 312 3700 medio
327 3633 443 3720 templo
459 3653 569 3712 rusus
585 3631 795 3707 occidentem,
817 3629 938 3695 indutis
953 3628 1044 3696 testis
1061 3629 1101 3696 da
1116 3629 1315 3710 Nicomedia3
1333 3629 1483 3718 desuper

208 3758 385 3848 predictum
405 3756 564 3824 cosmitcm
585 3764 617 3822 ct
636 3775 736 3841 usque
756 3752 799 3820 ad
814 3753 916 3840 ipsam
931 3752 1057 3820 trullam
1078 3763 1126 3820 est
1140 3759 1251 3819 ornata
1264 3753 1367 3821 musio
1381 3773 1481 3822 aureo

208 3881 296 3950 etde
312 3880 469 3947 coloribus
485 3899 555 3945 cum
571 3877 696 3945 duobus
712 3876 858 3964 postibus
873 3876 906 3942 in
922 3875 1020 3943 issico
1036 3897 1107 3942 cum
1121 3877 1335 3964 pastoralibus
1350 3877 1481 3948 duobus

209 4027 279 4076 cum
294 4005 386 4072 ostiis
401 4002 585 4071 cancellatis
600 4009 633 4068 et
647 3999 802 4068 tenesmis
818 3999 1031 4088 pauimentum
1046 4008 1150 4066 autem
1166 3999 1207 4067 da
1221 3999 1386 4088 lapidibus
1401 3999 1483 4066 riri-

210 4129 306 4197 drbus
321 4129 405 4196 circa
420 4127 557 4195 medinm
573 4125 666 4191 trium
681 4145 828 4191 zonarum
843 4133 876 4192 et
886 4123 1203 4191 circumferentiarum
1218 4143 1276 4211 per
1290 4123 1482 4192 incisionem

210 4251 386 4320 luoeucium
402 4271 472 4318 oum
487 4248 733 4316 rotunditatibus
744 4248 891 4315 coloratis
906 4255 938 4314 et
949 4247 1079 4315 circuito
1094 4247 1167 4316 albo
1184 4257 1215 4315 ot
1230 4247 1400 4330 doluiminq
1418 4248 1482 4317 de-

210 4397 306 4467 super
332 4385 437 4445 autem
465 4375 549 4442 eirca
575 4374 709 4442 medium
733 4371 939 4442 occidentalis
960 4371 1063 4461 postis
1088 4373 1236 4440 inuentus
1263 4381 1313 4442 est
1334 4372 1483 4443 Christus

210 4521 409 4570 marmoreus.
425 4497 561 4566 maceria
571 4497 739 4566 tribunalis
754 4497 794 4564 de
806 4495 998 4563 stimouariis
1012 4496 1193 4564 mmmorois
1204 4495 1371 4580 uiridibus,
1388 4508 1482 4585 quat·

211 4636 282 4696 tuor
296 4625 525 4716 pectoralibus,
542 4623 709 4712 perforatis
725 4621 849 4691 duobus
864 4629 896 4689 et
910 4621 1030 4688 sanetis
1046 4621 1197 4689 cancellis
1212 4621 1329 4708 ligneis
1344 4621 1483 4709 sculpu's

212 4753 251 4820 de
272 4751 387 4821 tabulis
408 4749 560 4837 grauibus
577 4769 646 4816 cum
662 4747 789 4816 cosmite
805 4765 974 4814 marmoreo
994 4743 1131 4831 desuper
1146 4753 1177 4813 ct
1192 4755 1266 4814 aute
1281 4745 1482 4814 misorkilin·
