3114 5264
1238 385 1304 454 263

26 587 136 652 θόλου
160 587 221 655 ααί
247 582 457 673 ἀνασαίτητοι
490 595 600 653 πασῶν
634 585 784 672 δηλονότι
818 591 878 651 τῶν
906 582 1074 650 τοιούτων
1070 578 1133 650 τόν
1164 578 1208 648 6
1229 581 1302 650 δια-

26 711 190 796 πομίζασι
217 711 304 779 αατά
321 709 461 816 καιρούς
492 718 717 798 πραγματειῶν
746 702 848 774 αὐτῶν
876 705 923 780 είς
951 707 1004 773 τόν
1034 705 1181 772 καθόλου
1208 707 1302 772 τόπον

28 842 85 918 τῆς
117 831 285 916 βασιλείας
320 853 396 931 μορ,
418 836 548 922 προσίτι
575 833 611 900 66
634 835 695 913 τισί
722 827 788 924 οὐδ’
817 827 921 901 ότιοῶν
945 827 1025 897 ἄλλο
1053 827 1257 922 ἀποδιδόναι
1263 823 1303 895 δι’

31 951 151 1035 οὐδένα
172 959 292 1042 τρόπον
327 953 508 1044 δρσίλοντος
543 952 619 1046 όπίρ
651 951 753 1025 αὐτῶν
786 956 903 1025 τούτων
931 963 991 1023 τῶν
1025 955 1177 1022 τοιούτων
1200 938 1304 1039 τραγ,

29 1088 172 1164 μαετιαν
196 1075 314 1158 αὐτῶν,
343 1075 420 1151 ,ἀλλ’
448 1076 656 1170 τίσίρχωντατ
689 1077 737 1152 τὶς
757 1080 980 1147 τῶντοιούτων
1011 1058 1105 1149 τόπον
1135 1055 1224 1168 ἡμῶν
1247 1079 1304 1176 καί

33 1200 229 1289 ὲξίρχωνται
257 1200 466 1290 ἀντνόχλητοι
496 1207 602 1290 τιίσιρς
624 1200 732 1268 δνωιτν
756 1197 833 1287 ὑπὲρ
858 1197 1001 1267 αότῶνδ
983 1201 1022 1288 δὴ
1047 1210 1107 1264 τῶν
1128 1197 1303 1318 εἰρημένων

33 1335 308 1432 αραγματειῶνρι
310 1321 390 1392 ύτῶτ
412 1323 634 1416 ἀπαιτήσεως,
652 1325 909 1424 διατηρούμενα
939 1323 1087 1440 δηλονότι
1107 1327 1165 1392 παὶ
1188 1321 1303 1419 ἄλλως,

33 1443 153 1512 όπόθεν
181 1445 223 1554 ἀν
250 1456 305 1518 66
332 1449 475 1518 τοιούτου
501 1444 657 1543 ἡμττίραε
690 1451 787 1527 τύποι)
807 1449 931 1558 δτῄστι
966 1469 987 1511 α
989 1442 1080 1546 ύτούμ
1115 1443 1305 1534 διίρχταδαι

35 1568 81 1635 ἀτί
103 1581 174 1648 ταῖς
198 1573 359 1654 τοιαύταις
385 1542 615 1662 τραγματτίαις
638 1568 757 1654 αύτῶν,
782 1571 822 1641 ἔν
841 1593 874 1638 τι
898 1571 1016 1646 διόδοις
1038 1573 1095 1638 καί
1117 1551 1224 1658 λιμέσι
1246 1565 1304 1634 οιαὶ

35 1693 178 1774 πόλεσιν,
214 1691 382 1781 ίλτύθιροι
408 1705 469 1761 τῶν
496 1693 530 1762 ἀν
552 1706 617 1770 τοίς
641 1695 797 1768 τοιούτοις
820 1697 927 1769 τόποις
950 1691 1148 1780 τεταγρίνων
1171 1694 1302 1758 δόστων.

36 1827 72 1904 τῇ
104 1825 184 1896 γούν
217 1816 306 1906 ίσχύι
338 1821 395 1884 ταί
427 1819 558 1906 δονοίμτι
592 1825 648 1884 τού
680 1821 837 1905 παρόντος
875 1815 1131 1906 ἀργοροβούλλοο
1166 1813 1301 1903 όρισμοδ

38 1947 89 2026 τῆς
123 1941 293 2026 βασιλείας
328 1962 389 2028 μου
421 1939 545 2018 ίξοοσιν
579 1941 690 2008 ἀδτιαν
722 1942 882 2029 ἔρχεσθαι
913 1938 944 2006 οί
981 1949 1119 2006 τοιούτοι
1155 1960 1304 2025 πραγμα-

38 2067 140 2129 τεοταί
171 2071 228 2130 τού
256 2058 403 2144 τόγτνούς
436 2067 493 2130 τιαί
519 2073 708 2154 περιφανοῦς
741 2067 914 2151 αομοονίοο
943 2073 1003 2130 τῶν
1030 2061 1221 2142 Ῥαγοοζίων
1248 2063 1305 2126 ιιαί

38 2186 236 2273 διακομίζων
258 2192 315 2253 καί
337 2191 527 2274 πιπράσκειν
553 2192 610 2262 τὰς
632 2193 852 2274 πραγματείας
876 2183 993 2266 αὐτῶν,
1029 2181 1223 2274 ύπαρχονττς
1247 2195 1304 2272 τῆς

40 2317 89 2374 τού
118 2315 321 2398 αομμεριιίοσ
354 2311 475 2386 δόσταίς
498 2333 532 2376 τι
559 2316 616 2377 παί
643 2309 844 2398 ἀπαιτήσεως
874 2309 1040 2397 ἀλτύθτροι
1074 2312 1221 2377 παθόλοο
1249 2314 1305 2376 καί

40 2431 246 2521 ἀναπαίτητοι
279 2443 391 2500 πασῶν
425 2434 573 2521 δηλονότι
599 2444 660 2500 τῶν
685 2436 834 2500 τοιούτων
857 2432 900 2500 ὧν
925 2432 963 2500 ἂν
986 2435 1198 2520 διαπομίίωσι
1219 2437 1305 2498 κατὰ

40 2557 166 2643 ταιρούς
198 2568 422 2644 πραγματειῶν
457 2581 478 2622 α
480 2553 559 2624 ύτῶν
587 2555 633 2632 τίς
666 2559 720 2622 τόν
747 2558 895 2624 παθόλοο
929 2559 1025 2624 τόπον
1051 2567 1109 2645 τῆς
1140 2558 1305 2642 βασιλείας

43 2701 109 2764 ροο,
136 2678 270 2767 προσίτι
296 2683 332 2746 δὲ
359 2682 497 2747 τιαίδ
440 2677 507 2747 666⁹
535 2677 639 2746 ότιοδν
667 2680 748 2746 ἄλλο
780 2677 966 2746 ἀποδιδόναι
989 2677 1027 2745 δι’
1052 2675 1168 2746 ούδίνα
1191 2684 1305 2767 τρόπον

43 2798 217 2890 όρείλοντις
252 2799 328 2891 ύπίρ
363 2799 466 2870 αὐτῶν
503 2806 619 2870 τούτων
654 2813 713 2868 τῶν
752 2805 898 2870 τοιούτοιν
936 2813 1158 2890 πραγματικῶν
1192 2799 1304 2884 αὐτῶν,

45 2921 106 2990 ἀλλ’
134 2924 344 3014 είσίρχεσθαι
367 2926 413 3002 τίς
436 2930 489 2994 τόν
514 2936 653 2994 τοιοῦτον
676 2930 770 2994 τόπον
800 2924 889 3016 ἡμῶν
915 2931 972 2992 καί
995 2924 1189 3014 ἀξίρχτσθαι
1212 2926 1304 2994 ἀναν-

46 3051 172 3140 ίχλτρτοι
203 3055 311 3140 πάσης
344 3050 452 3118 ίντνιεν
487 3048 563 3139 ύπίρ
595 3048 696 3118 αὐτῶν
724 3053 764 3138 δὴ
792 3063 853 3120 τῶν
881 3049 1052 3140 είρηρίνων
1081 3063 1305 3138 πραγματειῶν

46 3169 138 3240 αότῶν
174 3173 392 3262 ἀπαιτὴσιως,
427 3177 671 3264 διατηρούμενα
704 3177 853 3264 δηλονότι
880 3181 935 3242 καὶ
967 3175 1082 3256 ἄλλως,
1117 3173 1237 3242 όπόθτν
1266 3175 1305 3242 ἂν

46 3307 94 3362 τού
125 3301 269 3366 τοιούτου
302 3297 458 3388 ἡμετέρου
495 3305 591 3367 τύπου
628 3303 739 3388 δτήσει
772 3299 886 3376 αύτούς
920 3303 1114 3389 διίρχεσθαι
1151 3300 1201 3368 ίπί
1238 3313 1305 3376 ταῖς

47 3425 199 3496 τοιαύταις
231 3421 465 3510 πραγματείαις
494 3421 610 3504 αύτῶν,
645 3425 679 3490 ἕν
706 3447 740 3490 ττ
756 3426 886 3498 ’διόδοις
913 3429 970 3492 παί
997 3422 1103 3512 λιμίσι
1130 3429 1187 3490 καί
1208 3425 1306 3490 πόλε-

47 3563 96 3619 σιν,
120 3546 287 3632 ίλτύθτροι
308 3556 369 3613 τῶν
393 3547 428 3612 66
451 3559 514 3622 τοῖς
537 3549 690 3622 τοιούτοις
714 3551 821 3622 τόποις
844 3551 1041 3634 τεταγμίνιον
1064 3549 1195 3627 δόσεων,
1218 3551 1306 3634 παρὰ

49 3668 173 3752 μηδενός
201 3679 262 3736 τῶν
297 3674 382 3736 νιατά
409 3671 541 3756 νιαιρούς
569 3669 756 3758 ίαασταχού
791 3681 852 3738 τῶν
885 3669 1046 3760 ἡμετέρων
1076 3677 1223 3760 ποίστρων
1249 3676 1306 3738 ταί

48 3803 147 3876 χωρῶν
181 3792 541 3882 τεραλατιπεοόντωνῆ
576 3792 738 3882 ἀρχόντων
773 3793 793 3882 ἢ
825 3805 885 3860 τῶν
919 3799 958 3862 τὰ
992 3804 1124 3862 τοιαύτα
1159 3800 1305 3882 νιομμόρ·

48 3933 96 3978 τια
117 3914 334 4006 όποιιρδήποτε
363 3915 576 3984 ἀπαιτούντων
611 3923 714 4004 τρόπον
745 3921 829 4002 [τινί]
864 3917 974 4024 ἢιτῶν
1008 3923 1048 3984 τὰ
1071 3928 1125 3986 τού
1149 3919 1305 4006 δημοσίου

51 4033 122 4104 ἄλλα
153 4041 333 4127 ττλίσματσί
367 4063 401 4106 ττ
433 4045 489 4106 ταί
519 4042 631 4107 δίκαια
664 4043 905 4127 διεντργούντων
939 4039 959 4129 ἢ
987 4039 1061 4127 παρ’
1089 4040 1189 4106 ἄλλοι
1223 4044 1305 4116 τινός

51 4169 100 4222 τῶν
131 4161 278 4228 ἁπάντων
312 4161 554 4250 τιαθελπόμτνοι
587 4162 607 4251 ἦ
643 4165 902 4251 διενοχλούρενοι
935 4165 1057 4238 δόσεῶς
1091 4186 1174 4238 τινος
1207 4163 1305 4230 ἕνεκα

53 4275 115 4368 ὑπὲρ
140 4297 201 4351 τῶν
229 4289 378 4352 τοιούτων
413 4283 514 4352 αὐτῶν
542 4297 765 4373 πραγματειῶν
792 4285 833 4353 δι’
862 4284 977 4354 ούδίνα
1005 4291 1118 4374 τρόπον
1147 4291 1183 4353 τό
1209 4291 1304 4354 σύνο-

53 4402 109 4486 λον,
142 4409 227 4476 ἀλλά
259 4414 366 4497 πάσης
401 4408 633 4497 ἀνενοχλησίας
667 4420 725 4498 τῆς
753 4409 802 4476 ἐπί
829 4423 867 4498 τῇ
896 4413 1026 4498 τοιαύτῃ
1063 4409 1232 4498 ίλτοθτρίο
1266 4423 1305 4500 τῇ

54 4523 189 4620 διδομίνῃ
217 4537 306 4618 παρὰ
332 4543 388 4622 τῆς
417 4535 583 4618 βασιλείας
607 4555 667 4618 μου
690 4537 769 4618 πρός
792 4529 908 4607 αύτούς
932 4533 1161 4615 ἀπολαύοντες,
1185 4540 1306 4624 τογχας

55 4671 140 4730 νοντες
175 4662 231 4724 καί
265 4657 371 4731 ἄλλως
403 4661 491 4744 παρὰ
526 4668 585 4724 τῶν
619 4655 780 4745 ἡμετέρων
817 4663 941 4724 ποίντων
973 4665 1080 4748 πάσης
1114 4669 1169 4748 τῆς
1202 4683 1305 4746 προσ-

57 4779 179 4869 γτούσης
207 4784 383 4868 θεραπείας
411 4786 467 4848 καί
500 4784 722 4870 περιθύλψεως
756 4788 813 4848 καὶ
840 4787 945 4872 πάσης
976 4783 1077 4873 ἄλλης
1108 4782 1306 4873 όποίρχονττ-
