3182 5264
202 323 224 387 8

138 577 140 582 ,
203 517 259 580 καί
281 511 302 605 ἡ
326 518 417 601 χώρα
445 525 506 602 τῆς·
525 516 650 604 Πίσσης
677 521 733 582 καί
760 516 858 609 αὐτὸς,
880 516 896 582 ύ
921 517 1125 604 ἔξουσιαστης
1154 521 1208 582 καί
1236 515 1372 582 οἱκατὰ
1399 535 1478 580 και-

205 640 277 725 ρούς
314 643 490 724 σενάτωρες
513 638 535 727 ἢ
560 643 735 726 σύμβουλοι
758 641 778 730 ἢ
803 645 972 708 κύνσουλοι
996 641 1016 729 ἢ
1041 640 1242 717 ἐξουσιασταί
1275 645 1330 704 καί
1357 637 1391 704 αἱ
1418 661 1479 704 κε-

206 765 305 851 φαλαί
328 767 384 850 καὶ
409 761 439 828 οἱ
463 758 636 849 ραίκτωρες
659 764 716 832 καὶ
741 761 818 832 αὐτὸ
843 769 878 830 τύ
901 769 1009 832 κοινόν
1032 774 1087 850 της
1103 764 1227 851 Πίσσης
1249 768 1287 828 τὰ
1303 765 1380 848 πρὸς
1405 761 1481 834 τούς

203 889 360 960 πολλάκις
384 889 624 976 διαληφθέντας
648 889 814 976 ἀοιδίμους
839 892 989 975 βασιλεῖς,
1014 893 1067 959 τύν
1090 913 1124 956 τε
1147 899 1236 974 κύριν
1256 887 1398 963 Ἀλέξιον
1423 889 1478 952 τών

204 1011 372 1097 Κορνηνόν
395 1017 452 1078 καί
475 1015 528 1081 ιύν
563 1011 628 1078 υἱὸν
656 1011 779 1080 ἐκείνου
807 1017 858 1080 τὸν
885 1019 1178 1102 πορφυρογίννητον
1206 1021 1295 1098 κύριν
1318 1011 1479 1097 Ἰωάννην,

208 1135 292 1202 ἀλλὰ
315 1136 354 1222 δὴ
390 1138 526 1202 καὶτὸν
561 1140 651 1202 θεῖον
675 1147 730 1225 τῆς
766 1140 930 1222 βασιλείας
966 1136 1077 1214 αὐτοῦ,
1113 1141 1164 1204 τὸν
1199 1145 1288 1221 κύριν
1311 1135 1480 1221 Μανουὴλ,

206 1262 469 1347 συμφωνηθέντα·
494 1265 551 1328 καί
574 1269 672 1326 ταῦτα
695 1265 799 1326 πάντα
826 1260 878 1326 ἵνα
907 1260 1013 1348 ύμύση
1037 1266 1094 1326 καί
1117 1258 1212 1334 αύτύς
1236 1258 1482 1342 ύὲξουσιαστὴς

206 1390 263 1450 καί
285 1384 316 1452 οἱ
338 1389 501 1471 πρόκριτοι
523 1389 580 1452 καί
603 1388 637 1450 τύ
662 1389 768 1451 κοινὸν
792 1396 846 1474 τῆς
869 1387 1009 1472 Πίσσης,
1031 1385 1259 1460 ἀνακαινίζωσι
1275 1385 1311 1450 δὲ
1327 1388 1383 1449 καὶ
1399 1385 1483 1448 καθ’

206 1508 344 1574 ἕκαστον
369 1506 511 1575 ἐνιαυτὸν
535 1513 588 1574 τὸν
612 1519 754 1576 τοιοῦτον
779 1508 889 1596 ὅρκον,
914 1513 1007 1574 καθὰ
1029 1510 1140 1582 ίδικώς
1161 1513 1231 1594 περὶ
1254 1517 1308 1574 τού
1333 1510 1482 1576 τοιούτου

207 1635 388 1722 κεφαλαίου
416 1633 543 1722 ἔφθασε
572 1639 825 1722 συμφωνηύῆναι
852 1639 940 1720 παρὰ
967 1643 1021 1698 τοῦ
1045 1638 1185 1718 κάστροο
1210 1637 1266 1698 καί
1288 1641 1346 1720 τῆς
1368 1636 1482 1718 χώρας

207 1754 296 1846 ἡμῶν
331 1760 408 1843 πρὸς
438 1760 491 1822 τύν
526 1755 673 1843 ἀοίδιμον
709 1759 844 1842 βασιλέα
879 1767 967 1842 κύριν
995 1755 1159 1842 Μανουήλ.
1184 1753 1201 1820 ύ
1225 1757 1260 1820 δὲ
1285 1754 1334 1820 ἐπὶ
1356 1757 1483 1827 τούτοις

207 1879 301 1967 ὅρκος
327 1877 429 1949 αὐτῶν
454 1881 526 1968 ἔχει
549 1878 656 1954 ούτως·
682 1878 771 1967 ἡμεῖς
795 1879 826 1944 οἱ
849 1878 1086 1964 ἀποκρισιάριοι
1110 1891 1164 1946 τοῦ
1185 1884 1325 1964 κάστρου
1346 1884 1403 1944 καί
1424 1888 1485 1964 τῆς

205 2009 314 2092 χώρας
341 2015 397 2091 τῆς
421 2005 564 2090 Πίσσης,
592 2001 609 2068 ύ
638 2027 671 2069 τε
701 2001 862 2088 Ῥαϊνίρης
888 2002 913 2068 Γ
916 2007 1043 2076 αίτάνος
1066 2007 1122 2068 καί
1146 2001 1162 2066 ὁ
1186 2005 1296 2090 κριτὴς
1325 2003 1482 2088 Σιγὲριος,

207 2130 373 2202 σταλέντες
396 2131 473 2214 πρὸς
509 2130 560 2194 τύν
596 2123 795 2214 ὑψηλότατον
831 2119 1052 2212 αὐτοκράτορα
1079 2125 1242 2211 Ῥωμαίων
1266 2131 1323 2192 καί
1347 2125 1396 2192 ἀεὶ
1420 2124 1483 2192 αύ-

206 2275 339 2336 γουστον
373 2254 534 2320 Ἰσαάκιον
573 2254 625 2316 τὸν
661 2249 822 2330 Ἄγγελον
861 2254 946 2336 παρὰ
984 2249 1148 2336 Τεδρτίίοο
1183 2261 1237 2316 τοῦ
1273 2251 1484 2328 ἐξουσιαστού

209 2379 333 2464 Πίσσης
368 2385 423 2442 ταώ
458 2375 525 2442 υἱού
560 2385 616 2438 τοῦ
651 2377 792 2460 κύμητος
827 2371 1021 2452 Ούγουλίνοο
1057 2372 1119 2438 ἀπὸ
1146 2383 1256 2464 κοινῆς
1285 2377 1402 2462 βουλῆς
1425 2385 1484 2440 τοῦ

208 2506 349 2586 κάστροο
374 2501 497 2586 Πίσσης
534 2503 614 2584 μετὰ
647 2497 745 2562 πολύν
776 2500 991 2582 τρακταίσμύν
1016 2495 1214 2572 ἀποστάντες
1239 2496 1282 2562 ὧν
1306 2497 1485 2585 ἐζητοῦμεν

208 2623 278 2692 κατ’
303 2625 470 2710 ἐπιτροπὴν
495 2631 550 2686 τού
575 2617 730 2707 ῥηθέντος
759 2619 964 2695 ἒξοοσιαστοῦ
992 2626 1127 2706 καὶτῆς
1151 2632 1259 2708 κοινῆς
1284 2623 1401 2710 βουλῆς
1425 2633 1484 2688 τοῦ

127 2809 131 2820 ,
208 2753 348 2834 κάστρου
378 2743 455 2830 ὑπὲρ
482 2753 536 2810 τοῦ
560 2753 669 2808 κοινοῦ
692 2747 748 2809 καί
769 2744 879 2811 ίδικών
904 2765 992 2811 τινων
1017 2749 1189 2830 προσώπων
1219 2756 1279 2810 τών
1302 2751 1359 2814 καί
1383 2745 1415 2810 ἐν
1440 2749 1487 2832 τῷ

210 2871 357 2959 ἐγγράφῳ
392 2869 435 2954 τῷ
467 2865 539 2952 παρ’
574 2863 662 2954 ἡμῶν
702 2863 911 2954 ύποηραφύντι
944 2873 1193 2955 περιεχομένων,
1231 2867 1275 2941 ὡς
1313 2871 1369 2955 τὴν
1402 2866 1482 2954 ὑπὲρ

211 2998 326 3061 τούτων
374 2992 583 3077 αντισήκωσιν
623 2989 824 3079 αρεσκουσαν
861 2987 933 3077 ἡμῖν
971 2993 1139 3075 λαβόντες,
1179 2990 1261 3061 καί)Ἰ
1297 2993 1314 3056 ὃ
1352 2993 1485 3079 εἴχομεν

212 3120 378 3202 ἐνδόσιμον
413 3121 483 3200 περί
518 3124 573 3200 της
608 3113 777 3198 ἀρεσκείας
812 3112 900 3201 ἡμῶν
936 3115 998 3180 ἀπὸ
1027 3126 1082 3180 τοῦ
1110 3093 1315 3190 ἑξουσιαστού
1342 3121 1400 3185 καί
1426 3128 1485 3204 τῆς

215 3251 269 3306 τοῦ
299 3242 439 3328 κάστροιρ
468 3239 598 3324 βουλῆς,
627 3235 784 3323 ὀμνύομεν
809 3238 853 3311 εὶς
877 3243 917 3302 τὰ
940 3236 1018 3318 ἅμα
1041 3248 1096 3304 τού
1125 3241 1204 3304 θεοῦ
1229 3234 1403 3318 εύαηηίλια
1427 3245 1487 3306 καί

213 3365 258 3436 εἰς
282 3365 334 3426 τών
358 3366 459 3446 τίμιον
484 3366 539 3426 καί
564 3364 717 3434 ζωοποιύν
742 3364 887 3447 σταυρὸν,
912 3360 954 3433 ὡς
976 3357 1123 3447 ύρηθείς
1148 3360 1352 3448 ὲξουσιασιὴς
1372 3375 1485 3450 κοινῆς

214 3487 332 3571 βουλῆς
356 3493 410 3548 τοῦ
445 3488 584 3568 κάοιρου
613 3489 682 3569 περί
711 3487 826 3548 τούτων
862 3490 1035 3570 γενομένης
1064 3483 1236 3548 ἐνδέδωκεν
1263 3481 1335 3572 ἡμῖν
1364 3484 1486 3570 ὀμάσαι

216 3611 320 3676 ἐπάνω
347 3619 402 3694 τῆς
428 3613 530 3694 ψυχῆς
555 3605 652 3672 αὐτοῦ
685 3610 741 3694 τήν
776 3612 862 3694 παρὰ
885 3618 940 3674 τοῦ
965 3609 1144 3682 Πισσαίκοώ
1179 3613 1320 3694 κάστρου
1345 3614 1400 3672 καί
1427 3623 1486 3697 της

215 3737 323 3820 χώρας
362 3731 485 3818 Πίσσης
524 3737 695 3818 γενομένην
736 3737 915 3819 συμφωνίαν
954 3734 1031 3816 πρὸς
1066 3735 1119 3796 τὸν
1159 3729 1305 3827 ἀοίδιμον
1345 3735 1485 3816 βασιλέα

216 3866 304 3942 κύριν
338 3855 505 3940 Μανουὴλ,
539 3859 617 3940 πρὸς
653 3858 705 3918 τὸν
738 3851 957 3941 αὐτοκράτοραΙ
992 3853 1154 3938 Ῥωμαίων
1189 3858 1244 3918 καί
1279 3853 1328 3920 ἀεὶ
1364 3855 1486 3936 αὔγου-

217 4002 289 4044 στον
325 3990 413 4064 κύριν
437 3978 596 4044 Ἰσαάκιον
620 3981 673 4042 τὸν
702 3977 870 4056 Ἄγγελον,
896 3981 1008 4049 καθώς
1033 3980 1186 4062 καὶπρὸς
1212 3976 1331 4044 ἐκεῖνον
1356 3978 1486 4068 ωμύύη,

219 4109 274 4169 καί
309 4101 357 4168 ὅτι
392 4099 511 4188 ἃύπέρ
535 4110 589 4166 τοῦ
620 4112 728 4166 κοινοῦ
759 4107 814 4166 καί
841 4123 930 4166 τινων
966 4101 1069 4166 ἄλλων
1104 4106 1276 4185 προσώπων
1301 4101 1486 4194 ἐζητοῦμεν,

219 4233 257 4293 τὰ
293 4232 347 4292 καί
381 4226 413 4292 ἐν
441 4229 491 4322 τῷ
524 4225 672 4312 ἐγγράφῳ
711 4226 754 4312 τῴ
789 4225 860 4310 παρ’
898 4223 986 4312 ἡμῶν
1026 4221 1489 4316 ύπογραφὲντιπεριεχύρενα

220 4353 253 4427 ἐξ
286 4351 454 4437 ἐνδοσίμου
492 4361 546 4416 τοῦ
566 4347 683 4422 ,αὐτοῦ
722 4350 924 4426 ἐξουσιαστοῡ
960 4353 1015 4412 καί
1048 4359 1103 4435 της
1142 4351 1259 4434 βουλῆς
1294 4361 1349 4416 τού
1388 4349 1488 4422 αὐτοῦ

219 4479 359 4570 κάστρου
395 4473 547 4560 εἰάσαμεν
579 4476 633 4540 διὰ
663 4476 717 4560 τὴν
754 4473 966 4560 ἀντισηκωσιν
997 4475 1051 4560 την
1082 4476 1158 4558 πρὸς
1189 4475 1224 4536 τὸ
1256 4477 1362 4540 κοινάν
1394 4498 1489 4556 γενο-

221 4608 327 4689 μένην.
358 4598 452 4673 αὖθις
483 4599 640 4686 ὀμνύομεν
667 4597 771 4664 ἐπάνω
800 4609 854 4685 τῆς
883 4605 986 4684 ψυχῆς
1011 4606 1065 4662 τοῦ
1090 4594 1245 4683 ῥηθέντος
1270 4598 1488 4684 ἐξουσιαστοώ,

221 4724 264 4801 ὸς
287 4725 338 4792 ἵνα
361 4731 417 4793 καί
442 4723 535 4799 αὐτὸς
565 4726 618 4812 τὴν
648 4726 851 4812 δηλωύεῖσαν
880 4728 1060 4820 συμφωνίαν
1091 4723 1244 4808 πληρώση
1276 4728 1332 4788 καί
1362 4728 1488 4824 φυλάξῃ
