3148 5268
1237 409 1300 480 11⁷

46 625 94 666 των
122 599 170 668 ὑπ’
200 608 427 693 ένοχοποιὴσει
465 618 504 693 τῇ
541 610 771 696 προρρηθείση·
804 605 887 696 ᾧπερ
918 609 957 695 δὴ
991 605 1222 694 ἀποκρισιαρίιρ
1261 608 1304 694 τῷ

45 730 210 812 δηλωθέντι
237 731 281 815 τῷ
309 728 574 818 ἐπαγγελλομένῳ
602 735 658 796 καί
687 731 943 818 ἀναλαμβάνοντι
972 740 1073 798 ταῦτα
1104 731 1147 818 τῷ
1170 729 1302 817 δνόματι

45 857 89 919 καί
113 855 230 939 δικαίῳ
265 865 320 920 σοι’)
355 859 498 922 τοιούτου
533 855 701 946 ἀπιφανούς
728 866 788 943 κύρ
822 858 939 930 δουκός
966 861 1023 924 καί
1047 866 1102 922 τοῦ
1129 862 1301 942 κομυυνίου

45 987 89 1062 τῆς
119 977 271 1052 Βενειίας
306 977 337 1043 οἱ
371 980 604 1068 διαληφθέντις
640 983 854 1068 γαληνότατοι
889 978 1044 1048 αὐθένται
1077 983 1133 1044 καί
1162 981 1302 1068 βασιλεῖς

44 1101 124 1190 όμφω
146 1099 231 1188 ύμού
252 1107 311 1170 καί
332 1101 485 1190 έκότιφος
510 1103 611 1172 αότων
634 1102 705 1170 κατ’
727 1103 812 1170 ἰδίαν
835 1109 891 1170 καί
913 1102 954 1170 δι’
978 1102 1107 1180 όαυτάιν,
1133 1101 1176 1176 ιθς
1202 1105 1301 1190 δεδη-

43 1230 136 1308 λωται,
163 1225 293 1316 ἀφῆκαν
316 1231 370 1296 διὰ
394 1239 450 1314 τῆς
473 1230 636 1316 παρούσης
660 1236 842 1318 συμφωνίας
864 1235 922 1296 καί
943 1227 1113 1316 ἠκύρωσεν
1136 1233 1193 1294 καί
1216 1226 1300 1314 ἀπή-

42 1357 139 1439 λειψαν
164 1357 270 1428 πάσας
293 1358 350 1428 τάς
375 1353 512 1432 ἀδικίας,
538 1359 577 1418 τά
601 1377 634 1420 τι
658 1357 742 1441 βάρη
764 1359 821 1422 καί
842 1357 1080 1440 πρυσκόμματα
1102 1357 1159 1419 καί
1183 1358 1299 1440 ζημίας

41 1483 86 1550 τἰς
117 1483 204 1566 παρὰ
231 1489 287 1546 τοῦ
315 1485 487 1564 κομουνίου
515 1489 571 1567 τῆς
599 1478 749 1552 Βενειίας
776 1477 798 1568 ἢ
821 1490 880 1544 των
911 1481 1226 1568 κεφαλατικεοόντων
1256 1478 1300 1552 εὶς
1354 1509 1356 1514 ·

41 1602 131 1688 ὄνομα
155 1613 211 1668 τού
234 1607 379 1670 τοιούτου
401 1613 460 1690 κύρ
484 1605 601 1678 δουκός
624 1607 680 1670 καί
704 1613 756 1670 τοῦ
782 1601 939 1692 ῥηθέντος
962 1609 1135 1690 κυμουνίου
1158 1611 1214 1690 τῆς
1237 1603 1301 1673 Βε-

40 1731 133 1800 νιτίας
156 1733 214 1794 καί
237 1725 444 1814 οἱιονδήτινων
468 1725 582 1816 ότόρων
604 1725 724 1813 ἐνόχων
746 1725 804 1792 καὶ
829 1725 992 1814 ἀρχόντων
1012 1731 1069 1792 καί
1086 1722 1301 1814 ἀποκειμένων

40 1847 117 1934 αιίιηῐ
139 1851 373 1937 ἐπενεχθείσας
397 1847 504 1924 αὐτοῖς
528 1863 592 1925 τοῖς
619 1852 849 1938 γαληνοτάτοις
873 1846 1044 1923 αύθένταις
1068 1849 1125 1918 καὶ
1149 1851 1300 1934 βασιλευ-

42 1995 79 2039 σιν
105 1973 126 2061 ἦ
153 1977 283 2060 θατέρῳ
319 1971 420 2040 αὐτῶν
448 1980 505 2040 καί
531 1985 572 2062 τη
600 1975 747 2059 βασιλείᾳ
776 1971 893 2053 αὐτῶν,
929 1973 976 2040 έτι
1003 1995 1039 2054 γε
1069 1976 1129 2061 μὴν
1157 1973 1214 2050 καὶ
1236 1985 1300 2048 τοίς

42 2111 148 2172 πιστοῖς
182 2101 239 2164 καί
266 2095 530 2184 ὑποτεταγμένοις
566 2095 672 2172 αάτοίς
708 2103 804 2184 μέχρι
832 2107 887 2184 της
915 2102 1058 2188 πέμπτης
1092 2093 1214 2184 ἡμέρας
1246 2107 1301 2162 τοῦ

40 2228 141 2288 νεωστί
169 2223 391 2308 παρελθόντος
424 2221 545 2288 ίοολίοο
581 2225 693 2310 μηνός,
730 2219 973 2307 έλευθερούντες
1008 2226 1065 2290 καί
1101 2217 1302 2298 ἀπολύοντες,

41 2340 93 2430 ούχ
118 2343 238 2431 ἥκιστα
265 2347 302 2412 δί
330 2351 387 2414 καί
421 2343 611 2432 ἐλευθέρους
642 2349 698 2412 καί
732 2343 988 2430 ἀπολελυμένους
1019 2343 1065 2418 εἰς
1094 2347 1130 2412 τό
1158 2345 1305 2430 διηνεκές

41 2469 108 2536 εἶναι
142 2473 335 2558 βουλόμενοί
362 2493 397 2536 τι
425 2475 481 2536 καί
515 2471 726 2556 διοριζόμενοι
756 2473 809 2537 τόν
843 2489 876 2534 τε
907 2470 1129 2557 διαληφθέντα
1164 2467 1299 2558 ἐπιφανῆ

40 2603 88 2678 κύρ
114 2596 219 2660 δοῡκα
253 2593 310 2660 καὶ
338 2597 374 2660 τύ
407 2594 578 2680 κομοόνιυν
611 2593 762 2667 Βενιτίας
790 2597 847 2660 καί
874 2593 946 2666 τούς
972 2589 1076 2663 -αδοοό
1109 2596 1230 2667 πάντας
1261 2591 1299 2658 έκ
1398 2611 1401 2618 ’

40 2729 135 2782 πασῶν
159 2729 220 2784 τῶν
243 2721 488 2806 κρορρηθεισῶν
511 2722 641 2804 ζημιῶν,
667 2715 799 2784 ἀδικιῶν
823 2739 856 2780 τε
880 2720 936 2782 καί
952 2713 1135 2803 ἀπαχθοιιῐιν
1159 2719 1218 2783 καί
1238 2725 1298 2782 τῶν

39 2845 285 2928 προσκομμάτων
311 2847 368 2909 καί
394 2851 559 2914 ποιούντις
586 2840 629 2927 τῷ
657 2841 868 2928 διαληφθέντι
902 2848 960 2925 κύρ
981 2837 1225 2925 ,ἀποκρισιαρίιρ
1257 2841 1300 2926 τῷ

40 2961 306 3051 ἐπαγγελλομένῳ·
323 2969 379 3030 καί
407 2963 664 3051 ἀναλαμβάνοντι
691 2971 791 3031 ταῦτα
819 2962 862 3049 τῷ
883 2962 1040 3037 πολλάκις
1069 2957 1201 3060 ῥηθέντι
1223 2960 1296 3028 δνό-

40 3109 103 3169 ματι
129 3089 235 3167 τέλος,
265 3087 451 3174 ἐλευθερίαν
478 3111 512 3154 τι
541 3092 598 3154 καί
626 3086 738 3176 ἀφεσιν
761 3085 819 3152 καί
842 3084 1036 3175 ἀπόφλησιν,
1058 3091 1239 3174 συμφωνίαν
1264 3109 1296 3151 τι

39 3219 85 3278 καί
110 3213 305 3294 ἐπαγγελίαν
339 3221 396 3280 που
424 3216 466 3302 μη
497 3215 681 3300 μνησθῆναί
715 3233 798 3286 τινος
825 3223 885 3276 τῶν
917 3213 1159 3300 προρρηθέντων
1185 3211 1231 3311 είς
1260 3215 1295 3278 τύ

39 3337 138 3426 ἑηςῆ
165 3344 301 3430 ζητῆσαί
329 3363 357 3429 τι
381 3339 424 3424 τῷ
445 3335 532 3424 αύτιηῖ
554 3337 642 3424 κυριγῐ
668 3339 763 3432 δουκί
787 3341 843 3402 καί
866 3337 909 3423 τῷ
930 3341 1089 3424 κομουνίιρ
1118 3345 1172 3424 της
1195 3336 1295 3403 Βενε-

39 3467 105 3536 ιίας.
127 3467 181 3530 τόν
205 3459 316 3550 όμοιον
344 3468 446 3528 τοίνυν
473 3465 587 3548 τρόπον
616 3465 672 3532 καί
695 3457 712 3524 ό
736 3470 878 3536 τοιοῦτος
901 3470 961 3547 κύρ
985 3459 1227 3547 ἀποκριαιάριος
1251 3461 1294 3546 τῷ

38 3587 203 3674 δηλοθέντι
231 3586 364 3674 δνόματι
391 3585 496 3676 ἀφῆκέ
525 3609 558 3652 τε
586 3583 813 3673 καί,ἡκύρωσε
831 3590 898 3650 καί
929 3583 1086 3674 ἀπήλειψε
1107 3589 1215 3662 πάσας
1238 3590 1294 3660 τὰς

39 3707 167 3790 ἀδικίας,
201 3715 242 3778 τά
272 3735 307 3776 τε
330 3713 414 3798 βάρη
437 3715 493 3776 καί
515 3714 554 3774 τὰ
576 3713 815 3795 προσκόμματα
837 3713 894 3774 καί
917 3713 974 3786 τὰς
998 3713 1114 3797 ζημίας
1137 3713 1193 3783 τὰς
1216 3720 1295 3776 πᾶσι

39 3847 90 3910 τοῖς
118 3837 300 3910 Βενοπίκυις
327 3835 349 3924 ἤ
377 3855 436 3902 τινι
464 3831 567 3900 αὐτῶν
595 3833 828 3920 ἐπενεχθείσας
854 3837 940 3919 παρά
968 3857 1001 3900 τε
1028 3843 1083 3900 τοῦ
1111 3835 1214 3920 δήμου
1237 3832 1294 3898 καὶ

39 3973 86 4027 τῶν
111 3959 369 4048 ὑποτεταγμένων
397 3972 437 4048 τῇ
461 3961 611 4044 βασιλεία
639 3955 755 4038 αύπιῑιν,
791 3956 970 4047 ἀπόφλησιν
1000 3969 1098 4024 ποιῶν
1121 3962 1178 4024 καί
1202 3956 1293 4024 ἐλευ-

40 4088 124 4173 θεριῑιν
147 4092 206 4154 καί
229 4085 377 4155 ἀπολύων
398 4081 514 4157 αύτούς
537 4083 609 4158 τούς
632 4085 868 4170 γαληνοτοίτους
890 4079 1049 4157 αὐθέντας
1072 4086 1129 4148 καί
1152 4083 1294 4166 βασιλεῖς
1374 4132 1393 4141 „

39 4215 153 4278 καὶτὸν
175 4213 255 4277 λαύν
280 4205 381 4276 αὐτῶν
410 4205 476 4301 ἀπὸΙ
498 4217 557 4294 τῆς
582 4207 703 4293 βλάβης
729 4229 763 4272 τε
790 4210 847 4272 καί
875 4217 934 4274 τῶν
961 4208 1203 4292 προρρηθεισιυν
1233 4209 1292 4292 ζη-

41 4345 107 4418 μιων.
126 4342 225 4422 μέχρι
249 4331 306 4399 καὶ
328 4342 383 4420 τῆς
413 4327 572 4420 ῥηθείσης
598 4334 720 4418 πέμτης
750 4327 872 4417 ἡμέρας
906 4339 962 4396 τοῦ
996 4330 1138 4394 τοιούτοιν
1170 4327 1292 4395 ίουλίου

41 4464 133 4542 μηνός.
155 4460 238 4545 πλὴν
259 4453 295 4522 ού
320 4468 402 4522 νοεῖν
426 4457 498 4542 χρὴ,
523 4453 566 4528 ὥς
589 4455 643 4520 διά
667 4462 722 4538 τῆς
745 4455 908 4541 παρούσης
928 4457 1109 4540 συμφωνίας
1132 4451 1152 4542 ἢ
1177 4455 1292 4539 τρέβας

41 4583 228 4666 τομβιβάσεις
257 4585 338 4654 τινὲς
362 4577 383 4668 ἢ
408 4582 582 4665 γράμματα
604 4575 625 4664 ἢ
650 4579 810 4662 συνθῆκαι
833 4575 854 4663 ἢ
879 4581 1070 4664 συμφωνίαι,
1103 4573 1145 4642 ὧν
1170 4587 1209 4664 τῇ
1232 4577 1290 4642 δο-

38 4709 120 4790 νάμιι
149 4705 298 4793 Ῥωμαίοι
326 4709 407 4780 τινές
440 4707 545 4771 πιστοί
576 4723 610 4766 τε
633 4704 689 4766 καί
711 4695 913 4786 ἀποκείμενοι
940 4711 979 4787 τῇ
1007 4701 1155 4786 βασιλεία
1189 4694 1292 4766 αάτιυν

39 4824 208 4920 ἀρτύοντες,
225 4828 283 4900 καὶ
306 4827 493 4922 ἀνεχόμενοι
513 4825 694 4908 Βενεπίκοις
721 4826 783 4934 Ιτιοί
804 4835 925 4904 πιστοῖς
948 4828 1004 4897 καί
1028 4821 1292 4916 ὑποτεταγμένοις
