3148 5268
1291 397 1336 464 67

72 593 130 680 περὶ
154 595 268 659 τοότοο
292 597 502 679 γνωρίσαντες
525 597 694 682 ποιήσουσι
722 598 847 668 πάντως
870 595 906 659 τό
933 594 1068 658 δίκαιον.
1096 593 1142 658 ἔτι
1165 597 1221 658 καί
1244 601 1337 658 τοῦτο

71 721 274 805 προστίθησιν
296 714 317 806 ή
343 717 491 802 βασιλεία
519 740 589 804 μου·
608 719 665 782 ἐὰν
690 719 796 805 συμβῇ
821 715 1041 804 ἀποθνήσκειν
1064 714 1273 798 Ῥαγουσαῖον
1303 715 1336 780 ἐν

72 845 217 928 ιήχοέρα
240 851 296 929 τής
321 843 488 925 βασιλείας
511 865 587 928 μου,
617 838 654 907 οὐ
684 843 745 930 μήν
773 842 920 930 τολμήσῃ
945 837 1049 916 οὐδεὶς
1074 851 1134 906 τῶν
1161 842 1338 927 κνβερνιόν-

72 987 121 1030 των
153 964 300 1042 ἐξουσίαν
329 967 498 1053 βασιλικήν
527 971 642 1052 μικράν
671 966 732 1030 εἴτε
767 971 824 1030 καί
850 967 994 1054 μεγάλην
1031 967 1138 1051 βαλεῖν
1167 976 1260 1052 χεῖρα
1290 963 1340 1028 ἐπὶ
1456 971 1465 987 ·

72 1101 125 1164 τοῖς
150 1093 336 1178 πράγμασιν
361 1087 542 1156 αὐτῶνκαὶ
568 1095 661 1178 μέχρι
690 1095 745 1156 καί
777 1101 831 1156 τοῦ
862 1093 1013 1178 τυχόντος
1045 1087 1171 1156 ἐκεῖθεν
1199 1087 1340 1176 ἀποκερ-

72 1216 173 1301 δήοαι,
200 1213 270 1278 ἀλλ’
296 1211 533 1302 ἀναζητήσυυσι
557 1217 596 1278 τὰ
619 1193 791 1300 πράγματα
823 1225 883 1278 τοῖν
908 1211 1179 1300 ἀποθνησκόντων
1203 1212 1232 1278 οἱ
1255 1217 1340 1278 κατὰ

73 1343 159 1418 γένος
185 1338 322 1413 ἐκείνοις
344 1341 571 1426 προσήκοντες,
597 1343 653 1406 καί
677 1337 896 1426 ἀπολήψονται
921 1335 1001 1404 αὐτὰ
1026 1337 1064 1402 ἐκ
1088 1349 1148 1402 των
1172 1335 1218 1411 οἶς
1241 1359 1341 1424 παρε-

70 1466 211 1550 τέθησαν
241 1459 322 1528 αὐτὰ
355 1461 387 1528 ἐν
417 1475 455 1550 τῇ
487 1464 653 1548 τελευταία
690 1460 791 1528 οὔτῶν
824 1461 999 1550 ἀποδημία.
1036 1467 1146 1543 γέγονε
1175 1465 1210 1526 τό
1242 1465 1341 1548 παρόν

70 1593 255 1676 πρόσταγμα
291 1597 346 1676 τής
381 1588 548 1672 βασιλείας
584 1610 645 1673 μου
680 1585 717 1650 ἐκ
745 1586 979 1674 παρακλήσεως
1008 1597 1069 1652 τῶν
1103 1585 1274 1676 ἀγαπητῶν
1302 1597 1341 1674 τη

72 1713 216 1796 βασιλεία
240 1735 300 1798 μου
324 1710 534 1788 Ῥαουοαίων,
571 1716 626 1774 καί
663 1709 805 1798 ἐπεδόθη
842 1707 948 1784 αὐτοῖς
977 1709 1022 1783 εές
1050 1712 1106 1798 τήν
1133 1709 1202 1798 περὶ
1231 1712 1342 1775 τούτου

72 1834 249 1925 ἀσφάλειαν
284 1839 391 1924 μηνὶ
427 1841 604 1922 μαρτίῳ
638 1834 945 1908 ἐνδικτιοῖνος
983 1835 1015 1909 ζ’.

158 1959 433 2045 ήΜανοοήλ
467 1957 701 2046 δεσπότης
736 1955 753 2023 δ
788 1959 969 2032 Δοότιας
1005 1964 1035 2040 †.

336 2259 402 2328 XV.
419 2259 670 2341 (6746-1237)
686 2279 793 2326 mense
808 2259 928 2328 octobri
945 2259 1011 2328 ind.
1028 2259 1079 2328 XI.

89 2428 217 2483 άΓισλαὲί
234 2427 254 2482 1
254 2427 278 2485 I.
296 2427 423 2500 Δαροίαε
446 2428 560 2489 Dacus,
583 2429 705 2499 άεεροῖα
720 2429 820 2500 Epiri,
840 2429 1005 2500 Βοραεαείε
1018 2430 1172 2502 privam
1186 2429 1320 2488 οοπεοάίῖ.

159 2577 180 2656 †
203 2577 334 2644 Δίκαιον
358 2583 413 2644 καί
435 2580 609 2667 προσφιλὲς
631 2581 700 2664 θεῷ
722 2582 756 2644 τό
789 2591 852 2653 τοῖς
879 2591 1045 2666 πατρικοῖς
1072 2577 1192 2666 ἴχνεσιν
1221 2578 1344 2644 ἐπακο-

73 2703 208 2782 λουθεῖν,
233 2707 290 2767 καί
313 2703 445 2788 μᾶλλον,
471 2701 500 2765 εἰ
516 2703 549 2766 ἐν
575 2701 717 2782 ἀγαθαῖς
739 2706 890 2788 πράξεσιν
914 2703 945 2768 οἱ
965 2705 1063 2776 πόδες
1087 2702 1210 2770 ἐκείνου
1234 2704 1344 2788 ἐβάδι-

75 2849 143 2891 σαν.
168 2825 233 2891 ἐπεί
256 2823 325 2904 οὖν,
350 2823 394 2898 ὃς
418 2825 549 2914 εἴρηται,
574 2827 701 2892 δίκαιον
724 2831 780 2891 καὶ
805 2825 889 2902 ἀξιόν
915 2825 998 2892 ἐστιν
1024 2833 1080 2892 καί
1107 2827 1150 2914 τῷ
1178 2827 1247 2914 θεῷ
1269 2827 1346 2914 ἀρε·

76 2954 156 3028 στὸν,
181 2949 377 3036 ἀνανεοῦμτν
400 2951 454 3016 διὰ
478 2959 535 3016 τοῦ
556 2953 711 3037 παρόντος
733 2948 823 3038 ήμῶν
848 2948 981 3038 ὁρισμοῦ
1006 2956 1041 3017 τό
1065 2963 1130 3026 τοῖς
1145 2951 1347 3027 Ῥαουσαίοις

76 3076 305 3162 ἐπιβραβεοθὲν
330 3077 485 3157 σιγίλλιον
507 3081 595 3163 παρὰ
619 3083 674 3140 τοῦ
699 3073 846 3163 ἀοιδίμου
872 3072 1028 3142 αόθέντοο
1054 3082 1110 3143 καί
1131 3081 1250 3165 πατρός
1276 3101 1345 3166 μου,

76 3210 128 3264 τοῦ
156 3201 326 3288 Κομνηνοῡ
355 3208 415 3286 πῦρ
438 3198 572 3287 Μιχαήλ
595 3209 651 3264 τοῖν
674 3199 797 3279 Δοόκα,
823 3198 937 3266 όπαδοί
968 3213 1028 3266 των
1060 3200 1182 3267 ἐκείνου
1215 3201 1345 3282 ἀγαθο-

76 3335 213 3408 πραγιιῖιν
238 3327 410 3410 γινόμενοι,
436 3329 491 3391 καί
515 3325 741 3410 διοριζόμεθα,
765 3321 828 3400 ἵνα,
854 3321 909 3389 ἐάν
934 3347 1001 3390 τινα
1028 3325 1215 3391 Ῥαουσαῖον
1239 3309 1345 3412 συμβῇ

78 3449 262 3536 τελευτήσει
292 3451 324 3513 ὲν
354 3449 509 3536 υίορδήτινι
535 3446 676 3536 ἡμετέρα
700 3452 805 3534 χώρα,
838 3449 880 3536 μή
913 3447 1072 3534 ἐπιβαλεῖν
1096 3463 1187 3537 χεῖρα
1211 3449 1261 3516 ἐπί
1282 3461 1346 3544 τοῖς

79 3567 171 3638 αέτυιῖ
193 3575 378 3658 πράγμασιν
402 3575 455 3636 τόν
479 3571 582 3638 ἐκεῖσε
606 3575 862 3660 πρακτορεόοντα
885 3570 905 3660 ή
929 3571 1027 3638 ἄλλον
1051 3579 1120 3638 τινὰ
1144 3577 1196 3639 τόν
1221 3575 1255 3650 ἐξ
1277 3571 1347 3662 δρι·

80 3694 339 3790 σμοιῖήμττόροο
362 3697 522 3783 δημοσίαν
547 3701 615 3762 τινὰ
638 3697 787 3761 δουλείαν
817 3705 981 3774 ποιοῦντα,
1018 3695 1088 3762 ἀλλ’
1124 3696 1226 3764 ἐκεῖσε
1263 3696 1345 3766 ἀπο·

79 3824 257 3905 πίμπεσθαι
281 3825 321 3886 τὰ
344 3828 399 3885 τοῦ
423 3821 685 3908 τετελευτηκότος
708 3819 900 3887 Ῥαουσαίου
923 3825 1112 3908 πράγματα,
1137 3821 1170 3886 ἐν
1194 3820 1239 3896 οίς
1265 3822 1346 3888 ἐκεῖ·

80 3965 129 4017 νος
151 3947 317 4032 διάθηται,
343 3943 370 4010 εέ
394 3945 437 4008 δὲ·
453 3947 509 4010 καί
533 3941 707 4017 ἀδιάθετος
731 3945 917 4032 τελευτήσῃ,
943 3944 987 4018 τίς
1012 3946 1084 4018 τοὺς
1108 3959 1267 4026 συγγενεῖς
1290 3952 1346 4012 καί

81 4072 295 4158 κληρονόμους
321 4069 429 4136 αὐτοῦ·
453 4073 509 4135 καί
534 4066 569 4134 υό
595 4071 723 4155 μεθέξει
747 4093 792 4143 τις
816 4079 876 4134 τῶν
899 4071 1160 4156 δημοσιολατρων
1184 4081 1244 4136 τῶν
1260 4077 1345 4138 κατὰ

83 4199 181 4281 χώραν
209 4197 294 4275 λέγω
331 4193 538 4281 ἐνεργούντων
574 4191 723 4280 ἅψασθαι
758 4192 819 4259 ἀπό
851 4205 910 4259 τῶν
941 4197 1133 4281 πραγμάτων
1163 4192 1286 4260 ἐκείνου
1310 4199 1345 4267 τά

85 4319 212 4396 οίονουν,
245 4319 273 4386 εέ
297 4325 340 4407 μή
365 4343 412 4394 τις
437 4321 617 4407 βουληθείη
649 4321 777 4384 δικαίαν
805 4317 1047 4386 ἐπισπάσασθαι
1075 4321 1131 4405 τήν
1157 4318 1229 4406 παρ’
1257 4317 1346 4409 ἡμῶν

86 4443 306 4533 ἀγανάκτησιν.
330 4444 386 4510 καὶ
410 4453 511 4509 ταῦτα
536 4447 592 4529 μὲν
616 4439 725 4518 οὕτως·
749 4444 856 4508 πλεῖον
887 4445 922 4508 δὲ
951 4453 1008 4532 τῆς
1036 4453 1190 4532 πατρικῆς
1219 4439 1349 4532 εόεργε-

87 4574 149 4644 σίας
171 4567 210 4659 ής
234 4565 365 4657 εὕραντο
390 4567 420 4633 οἱ
443 4566 640 4646 Ῥαουσάῖοι,
677 4565 932 4655 ἐπιχορηγοιῖμεν
957 4564 1062 4640 αδτοῖς
1086 4565 1177 4656 ήμεῖς
1201 4571 1236 4633 εδ
1260 4591 1349 4656 περι-

87 4705 181 4758 πατεῖν
206 4695 251 4768 τίς
273 4705 381 4760 πᾶσαν
398 4695 453 4780 τήν
469 4673 628 4780 ήμετίραν
645 4690 846 4778 ἐπικράτειαν
862 4697 918 4757 καί
933 4695 1230 4779 πραγματεύεσθαι,
1250 4694 1350 4780 μηδὲν

91 4813 188 4882 ίδικον
211 4815 434 4908 ὑφορωμένους
456 4821 653 4904 πραχθήναι-
670 4815 716 4882 ἐπ’
742 4812 847 4891 αὐτοῖς
871 4814 932 4882 ἀπό
957 4828 1016 4882 τῶν
1038 4815 1198 4906 ήμετόρων
1220 4815 1347 4904 ἀνθρω-

931 4951 936 4956 .
1096 4931 1112 4987 5
1131 4923 1148 4962 ⁸
