3132 5268
229 353 301 428 210·

230 543 343 631 μαίυυς
373 543 520 618 ἐναντίως
549 551 603 610 τού
634 545 728 610 τύπου
757 553 817 610 τῶν
845 543 961 630 τρεβῶν
991 541 1052 610 ἀπύ
1083 551 1137 608 τού
1164 549 1278 629 καιρού
1306 551 1366 608 τῶν
1396 539 1495 626 ὲσχά-

226 637 288 736 Ιτων
318 671 433 756 τρεβῶν
462 677 522 734 τῶν
550 667 726 758 γενομένων
758 667 791 732 ίν
814 679 855 756 τῇ
877 653 1206 735 Κωνοταντινουτύλει
1234 666 1330 754 μέχρι
1352 677 1413 732 τῶν
1435 675 1496 742 νύν,

230 791 310 858 οὑτω
338 797 395 858 καί
423 797 685 879 τοιουτοτρύτως,
714 790 763 858 ὅτι
787 791 818 858 οἱ
842 791 1007 859 Βενίτικοι
1030 790 1060 856 οἱ
1083 794 1249 872 γεγονότες
1276 788 1427 876 Ῥωμαῖοι
1453 788 1497 861 είς

229 919 264 982 τύ
293 914 364 1002 ἑξῆς
392 910 429 978 ού
464 917 776 1003 διαβιβασθὴσυνται
810 913 854 990 ῶς
880 913 1045 1003 Ῥωμαῖοι,
1080 912 1151 978 ἀλλ’
1182 912 1225 988 ὡς
1255 911 1429 980 Βενίτικοι.
1452 913 1498 976 ἔτι

230 1038 279 1104 ἀτί
307 1049 363 1127 της
396 1040 538 1124 πράξεως
573 1049 633 1105 τῶν
661 1037 852 1126 ἐξωτερικῶν
886 1043 1026 1124 κρασίων
1060 1035 1151 1126 ἡμεῖς
1178 1035 1196 1103 δ
1225 1037 1373 1122 βασιλεύς
1400 1033 1497 1122 καὶὴ

230 1163 379 1247 βασιλεία
402 1159 491 1248 ἡμῶν
520 1159 764 1250 ὑπισχνούμεθα
787 1167 843 1228 καί
868 1161 998 1249 ἀρίσκει
1026 1159 1099 1249 ἡμῖν
1123 1164 1278 1242 γενίσθαι
1301 1164 1357 1226 καί
1379 1162 1497 1249 ρυλάτ-

230 1289 346 1352 τεσθαι
373 1290 459 1350 κατὰ
487 1288 539 1350 τύν
568 1289 661 1352 τύπον
688 1297 748 1352 τῶν
772 1289 898 1373 τρεβῶν.
925 1286 972 1350 ἔτι
994 1289 1064 1372 περί
1087 1271 1144 1373 της
1166 1288 1308 1372 πράξεως
1335 1294 1390 1350 τού
1414 1289 1500 1350 σίτου

228 1407 319 1496 ἡμεῖς
348 1406 365 1472 δ
395 1409 544 1492 βασιλεύς
578 1414 633 1474 καί
656 1406 676 1496 ἡ
701 1411 849 1494 βασιλεία
882 1405 971 1497 ἡμῶν
1005 1411 1142 1496 λύγομεν
1175 1414 1232 1474 καί
1267 1407 1396 1494 ἀρίσκεε
1429 1403 1499 1494 ἡμῖν

232 1535 385 1612 γενέσθαι
410 1530 458 1598 ἐπ’
483 1530 580 1597 αύτυύ
615 1543 670 1598 τού
697 1539 786 1598 σίτου
808 1537 864 1598 καί
896 1537 967 1619 περί
996 1530 1094 1598 αύτού
1127 1538 1212 1598 κατὰ
1240 1535 1292 1598 τύν
1320 1534 1416 1598 τύπον
1444 1543 1499 1596 τῶν

231 1659 362 1744 τρεβῶν,
392 1666 552 1742 μενουσῶν
580 1667 640 1722 τῶν
668 1655 773 1722 ἄλλων
801 1666 911 1720 πασῶν
940 1655 1131 1742 ἀλευθεριεῖν
1154 1661 1210 1720 καί
1233 1666 1430 1746 ρραγγισιῶν
1455 1654 1500 1720 ίετί

232 1783 350 1856 ποίσαις
373 1791 441 1853 ταῖς
464 1778 578 1853 ἄλλοις
605 1783 839 1865 πραγματείαις
867 1784 924 1844 καί
950 1791 1015 1853 τοῖς
1040 1781 1223 1866 πράγμασιν
1252 1779 1298 1852 είς
1320 1781 1377 1866 τὴν
1401 1776 1500 1844 αύτῶν

231 1906 428 1968 κατοὶστασιν
452 1905 537 1968 κατὰ
560 1904 613 1966 τὸν
637 1904 732 1966 τύπον
761 1912 822 1968 τῶν
845 1903 976 1986 τρεβῶν.
1002 1901 1048 1966 ἔτι
1070 1899 1161 1990 ἡμεῖς
1185 1901 1202 1968 ὑ
1226 1901 1380 1986 βασιλεύς
1403 1906 1461 1966 καί
1482 1922 1501 1988 η

231 2023 380 2110 βασιλεία
403 2021 493 2113 ἡμῶν
517 2021 762 2112 ὑπισχνούμεθα
788 2023 831 2110 τῷ
853 2024 1009 2112 είρημίνιμ
1034 2025 1209 2112 μπαῖούλιρ,
1233 2023 1315 2090 ὥστε
1339 2028 1502 2091 πάντατὰ

231 2154 507 2237 καινουργὴματα,
542 2147 787 2236 ἀποστερὴσεις,
823 2149 968 2230 ἀδικίας,
1002 2152 1273 2236 προσκρούσματα
1300 2155 1356 2214 καί
1389 2155 1503 2237 ζημίας

232 2278 289 2347 τὰς
313 2272 488 2360 γενομένοις
512 2271 551 2338 δι’
575 2269 664 2360 ἡμῶν
687 2278 744 2338 καί
767 2281 824 2359 τῆς
849 2274 1013 2357 βασιλείας
1040 2270 1130 2361 ἡμῶν
1153 2286 1217 2348 τοῖς
1241 2270 1504 2359 ὑποτεταγμίνοις

235 2396 278 2484 τῷ
305 2397 390 2484 κυριρ
417 2398 509 2462 δουκί
537 2400 592 2462 καί
620 2396 664 2484 τῷ
696 2394 876 2483 κουμουνίιρ
910 2396 1062 2470 Βενετίας
1092 2396 1124 2464 ἐν
1152 2397 1194 2483 τῷ
1224 2395 1327 2483 καιρῷ
1357 2401 1414 2464 καί
1444 2395 1504 2462 ἀπὸ

234 2529 289 2584 τού
323 2529 436 2604 καιρού
465 2529 525 2584 τῶν
554 2521 740 2584 τελευταίων
775 2521 892 2606 τρεβῶν
920 2529 980 2584 τῶν
1009 2525 1186 2606 γενομίνων
1215 2519 1248 2586 ίν
1271 2531 1310 2608 τη
1333 2519 1505 2586 Κωνσταν-

235 2644 411 2710 τινουπύλει
433 2647 489 2708 καί
514 2648 594 2730 μετὰ
617 2654 717 2709 ταῦτα
748 2642 897 2718 ἐναντίους
932 2652 987 2708 τού
1010 2647 1106 2710 τύπου
1129 2655 1189 2712 τῶν
1218 2647 1334 2732 τρεβῶν
1361 2645 1504 2710 καταλύ·

236 2789 290 2832 σαι
324 2771 380 2830 καί
415 2768 663 2851 διορθώσασθαι
691 2772 747 2832 καί
783 2768 995 2847 ἐπαναγαγεῖν
1031 2765 1075 2842 εἰς
1102 2769 1157 2854 τὴν
1185 2766 1396 2858 ύρειλομίνην
1429 2767 1505 2832 εἶναι

235 2895 291 2956 καί
315 2889 347 2954 ἐν
371 2888 393 2976 ἡ
415 2888 498 2977 ἡσαν
522 2895 733 2966 καταστάσει,
769 2892 883 2966 καθύς
911 2891 978 2956 ίστι
1002 2890 1126 2955 δίκαιον
1149 2895 1206 2956 καὶ
1229 2889 1400 2980 δρειλυμεν
1423 2895 1505 2956 κατὰ

237 3017 290 3080 τύν
324 3016 419 3080 τύπον
453 3025 513 3079 τῶν
541 3016 669 3100 τρεβῶν.
705 3010 821 3100 ὁμοίως
849 3014 884 3077 δὲ
912 3017 968 3078 καί
992 3011 1009 3078 ὑ
1034 3013 1199 3101 εἰρημένος
1227 3015 1403 3100 μτταῑούλος
1435 3012 1506 3078 ύνύ-

239 3157 314 3224 ματι
348 3142 404 3202 καί
439 3139 554 3223 δικαίιρ
589 3145 644 3201 τού
673 3145 771 3222 κυρού
802 3137 920 3211 δουκύς
954 3140 1009 3201 καί
1045 3147 1100 3202 τού
1135 3141 1326 3223 κουμυυνίου
1359 3137 1507 3211 Βενετίας

239 3258 433 3350 ὑπισχνεῖται
461 3258 533 3349 ἡμῖν
561 3265 615 3326 καί
645 3273 683 3348 τὴ
712 3261 861 3345 βασιλεία
888 3257 976 3348 ἡμῶν
1004 3263 1107 3326 πάντα
1135 3266 1174 3326 τὰ
1203 3259 1288 3326 ἄλλα
1315 3267 1507 3350 καινουργὴ-

240 3407 336 3471 ματα,
361 3384 598 3471 ἀποστερήσας,
624 3383 762 3462 ἀδικίας,
786 3385 1056 3470 προσκρούσματα
1078 3389 1134 3450 καί
1160 3389 1276 3472 ζημίας
1300 3389 1357 3460 τὰς
1381 3385 1509 3473 γενομέ-

240 3531 297 3582 νας
324 3511 378 3574 διὰ
406 3517 460 3572 τού
479 3515 586 3594 κυρού
614 3509 730 3581 δουκύς
757 3511 814 3572 καί
843 3517 896 3571 τού
921 3513 1112 3592 κουμουνίου
1135 3505 1285 3584 Βενετίοις
1309 3521 1374 3584 τοῖς
1397 3507 1510 3576 ύπυτε·

242 3637 412 3719 ταγμὲνοις
446 3629 519 3718 ἡμῖν
547 3629 579 3696 ἐν
607 3630 650 3717 τῷ
677 3631 778 3716 καιρῷ
808 3629 865 3694 καὶ
893 3628 955 3695 ἀπὸ
990 3638 1044 3694 τού
1079 3640 1289 3737 καιροῦρτῶν
1324 3635 1509 3700 τελευταίων

241 3759 362 3843 τρεβῶν
398 3766 457 3820 τῶν
492 3755 670 3842 γενομένων
705 3753 738 3820 ἐν
773 3767 812 3841 τη
842 3753 1172 3820 Κωνσταντινυυπύλει
1206 3760 1262 3821 καί
1298 3761 1379 3842 μετὰ
1414 3767 1509 3822 ταύτα

244 3880 391 3953 ἐναντίως
427 3888 482 3944 τού
509 3881 607 3944 τύπου
641 3889 701 3942 τῶν
729 3879 847 3964 τρεβῶν
881 3879 1063 3942 καταλῦσαι
1097 3883 1153 3944 καί
1181 3880 1431 3966 διορθώσασθαι
1460 3885 1510 3946 καί

244 4004 456 4086 ἐπαναγαγεῖν
492 4003 536 4077 είς
564 4004 619 4089 τὴν
647 4000 855 4090 δρειλομύνην
890 4000 969 4066 εἶναι
996 4006 1051 4066 καί
1079 4000 1112 4066 δν
1140 4001 1162 4090 ἡ
1188 4001 1270 4091 ἡσαν
1305 4010 1511 4080 καταστάσει,

244 4134 357 4199 καθώς
386 4129 453 4194 ἐστι
481 4129 605 4193 δίκαιον
633 4131 689 4192 καί
717 4124 881 4213 ὀφείλουσι
915 4130 999 4190 κατὰ
1027 4129 1080 4191 τύν
1108 4130 1203 4194 τύπον
1232 4139 1291 4194 τῶν
1316 4131 1444 4215 τρεβῶν.
1470 4131 1511 4196 ἔτι

245 4253 352 4340 ἐπειδὴ
381 4251 471 4341 ἡμεῖς
496 4251 513 4318 ὑ
538 4252 688 4338 βασιλεύς
715 4255 771 4316 καί
793 4247 813 4338 ἡ
839 4251 987 4334 βασιλεία
1016 4247 1106 4339 ἡμῶν
1136 4254 1321 4341 ἐνεχύμεθα
1348 4261 1406 4320 καί
1437 4256 1513 4322 ἀπο·

244 4381 467 4464 λειπαζύμεθοι
495 4381 605 4442 δουναι
632 4379 689 4440 καί
718 4374 901 4464 ἀπορλὴσαι
930 4377 973 4460 τῷ
995 4376 1079 4462 κυρῷ
1108 4377 1200 4444 δουκί
1226 4383 1283 4444 καί
1309 4381 1352 4466 τῷ
1374 4401 1512 4469 κουμοο-

245 4508 300 4586 νίιρ
323 4501 474 4574 Βενετίας
498 4498 574 4587 ὑπὲρ
599 4499 851 4586 ίτιανοποιὴσεως
878 4507 937 4562 τῶν
960 4499 1105 4565 παλαιῶν
1135 4507 1255 4590 ζημιῶν
1279 4500 1442 4591 ύπίρπυρα
1464 4529 1514 4592 χι-

246 4625 360 4698 λισίδας
376 4625 538 4688 δεκαεπτὰ
554 4629 610 4688 καί
634 4621 749 4688 ίκατόν
771 4620 927 4708 ἑζὴκοντα
943 4626 1027 4706 τρία,
1053 4619 1295 4713 ὑπισχνούμεθα
1318 4628 1365 4714 τερ
1388 4629 1514 4716 είρημί-

246 4769 289 4833 νιρ
314 4748 477 4833 μπαϊούλιρ
501 4748 612 4812 δοῦναι
636 4751 691 4811 καί
717 4745 900 4831 ἀπυρλὴσαι
929 4749 967 4810 τὰ
996 4757 1126 4812 τοιαῦτα
1155 4745 1316 4836 ὑπίρπυρε
1345 4753 1398 4816 διὰ
1428 4751 1514 4818 πίντε
