<?xml version="1.0" encoding="UTF-8"?>
<!DOCTYPE html PUBLIC "-//W3C//DTD XHTML 1.0 Transitional//EN"
    "http://www.w3.org/TR/xhtml1/DTD/xhtml1-transitional.dtd">
<html xmlns="http://www.w3.org/1999/xhtml" xml:lang="en" lang="en">
 <head>
  <title>
</title>
<meta http-equiv="Content-Type" content="text/html;charset=utf-8" />
  <meta name='ocr-system' content='tesseract 3.04.00' />
  <meta name='ocr-capabilities' content='ocr_page ocr_carea ocr_par ocr_line ocrx_word'/>
</head>
<body>
  <div class='ocr_page' id='page_1' title='image "./actaetdiplomata03miklgoog_0225.png"; bbox 0 0 3132 5268; ppageno 0'>
   <div class='ocr_carea' id='block_1_1' title="bbox 256 353 318 420">
    <p class='ocr_par' dir='ltr' id='par_1_1' title="bbox 256 353 318 420">
     <span class='ocr_line' id='line_1_1' title="bbox 256 353 318 420; baseline 0.016 -1"><span class='ocrx_word' id='word_1_1' title='bbox 256 353 318 420; x_wconf 80' lang='lat'>190</span> 
     </span>
    </p>
   </div>
   <div class='ocr_carea' id='block_1_2' title="bbox 254 542 1531 4115">
    <p class='ocr_par' dir='ltr' id='par_1_2' title="bbox 254 542 1531 4115">
     <span class='ocr_line' id='line_1_2' title="bbox 255 542 1521 636; baseline -0.006 -21"><span class='ocrx_word' id='word_1_2' title='bbox 255 547 322 614; x_wconf 86' lang='grc' dir='ltr'>ἐστι</span> <span class='ocrx_word' id='word_1_3' title='bbox 348 548 474 612; x_wconf 90' lang='grc' dir='ltr'>δίκαιον</span> <span class='ocrx_word' id='word_1_4' title='bbox 501 550 559 612; x_wconf 88' lang='grc' dir='ltr'>καί</span> <span class='ocrx_word' id='word_1_5' title='bbox 586 544 755 636; x_wconf 74' lang='grc' dir='ltr'>ὀφείλομεν</span> <span class='ocrx_word' id='word_1_6' title='bbox 783 551 868 614; x_wconf 84' lang='grc' dir='ltr'>κατὰ</span> <span class='ocrx_word' id='word_1_7' title='bbox 896 550 948 612; x_wconf 80' lang='grc' dir='ltr'>τὸν</span> <span class='ocrx_word' id='word_1_8' title='bbox 982 549 1076 613; x_wconf 86' lang='grc' dir='ltr'>τύπον</span> <span class='ocrx_word' id='word_1_9' title='bbox 1105 556 1164 612; x_wconf 89' lang='grc' dir='ltr'>τῶν</span> <span class='ocrx_word' id='word_1_10' title='bbox 1192 547 1319 633; x_wconf 88' lang='grc' dir='ltr'>τρεβῶν.</span> <span class='ocrx_word' id='word_1_11' title='bbox 1344 542 1461 631; x_wconf 83' lang='grc' dir='ltr'>ὁμοίως</span> <span class='ocrx_word' id='word_1_12' title='bbox 1484 546 1521 608; x_wconf 83' lang='grc' dir='ltr'>δὲ</span> 
     </span>
     <span class='ocr_line' id='line_1_3' title="bbox 254 668 1523 759; baseline -0.005 -21"><span class='ocrx_word' id='word_1_13' title='bbox 254 677 311 738; x_wconf 89' lang='grc' dir='ltr'>καί</span> <span class='ocrx_word' id='word_1_14' title='bbox 333 670 351 738; x_wconf 88' lang='grc' dir='ltr'>ύ</span> <span class='ocrx_word' id='word_1_15' title='bbox 375 671 539 758; x_wconf 73' lang='grc' dir='ltr'><strong>εἰρημένος</strong></span> <span class='ocrx_word' id='word_1_16' title='bbox 568 670 821 759; x_wconf 83' lang='grc' dir='ltr'>ἇποκρισιάριυς,</span> <span class='ocrx_word' id='word_1_17' title='bbox 857 673 1003 748; x_wconf 77' lang='grc' dir='ltr'>σύνδικος</span> <span class='ocrx_word' id='word_1_18' title='bbox 1030 677 1087 738; x_wconf 87' lang='grc' dir='ltr'>καί</span> <span class='ocrx_word' id='word_1_19' title='bbox 1115 671 1280 756; x_wconf 83' lang='grc' dir='ltr'>ἐπίτροπος</span> <span class='ocrx_word' id='word_1_20' title='bbox 1308 668 1441 756; x_wconf 82' lang='grc' dir='ltr'>δνύματι</span> <span class='ocrx_word' id='word_1_21' title='bbox 1466 674 1523 734; x_wconf 80' lang='grc' dir='ltr'>καί</span> 
     </span>
     <span class='ocr_line' id='line_1_4' title="bbox 255 791 1523 883; baseline -0.004 -21"><span class='ocrx_word' id='word_1_22' title='bbox 255 799 371 883; x_wconf 85' lang='grc' dir='ltr'>δικαίῳ</span> <span class='ocrx_word' id='word_1_23' title='bbox 404 805 458 862; x_wconf 81' lang='grc' dir='ltr'>τοῦ</span> <span class='ocrx_word' id='word_1_24' title='bbox 489 805 586 883; x_wconf 86' lang='grc' dir='ltr'>κυρυῶ</span> <span class='ocrx_word' id='word_1_25' title='bbox 613 797 730 870; x_wconf 85' lang='grc' dir='ltr'>δουκύς</span> <span class='ocrx_word' id='word_1_26' title='bbox 757 801 812 862; x_wconf 85' lang='grc' dir='ltr'>καί</span> <span class='ocrx_word' id='word_1_27' title='bbox 840 807 894 863; x_wconf 86' lang='grc' dir='ltr'>τού</span> <span class='ocrx_word' id='word_1_28' title='bbox 922 802 1111 883; x_wconf 91' lang='grc' dir='ltr'>κουμουνίου</span> <span class='ocrx_word' id='word_1_29' title='bbox 1145 795 1292 869; x_wconf 90' lang='grc' dir='ltr'>Βενετίας</span> <span class='ocrx_word' id='word_1_30' title='bbox 1328 791 1523 881; x_wconf 79' lang='grc' dir='ltr'>ὑπισχνεῖται</span> 
     </span>
     <span class='ocr_line' id='line_1_5' title="bbox 255 917 1523 1009; baseline -0.004 -23"><span class='ocrx_word' id='word_1_31' title='bbox 255 918 327 1009; x_wconf 83' lang='grc' dir='ltr'>ἡμῖν</span> <span class='ocrx_word' id='word_1_32' title='bbox 350 923 406 986; x_wconf 86' lang='grc' dir='ltr'>καί</span> <span class='ocrx_word' id='word_1_33' title='bbox 429 932 467 1008; x_wconf 81' lang='grc' dir='ltr'>τῇ</span> <span class='ocrx_word' id='word_1_34' title='bbox 492 921 639 1004; x_wconf 79' lang='grc' dir='ltr'>βασιλεία</span> <span class='ocrx_word' id='word_1_35' title='bbox 662 917 750 1008; x_wconf 84' lang='grc' dir='ltr'>ἡμῶν</span> <span class='ocrx_word' id='word_1_36' title='bbox 777 925 881 986; x_wconf 91' lang='grc' dir='ltr'>πάντα</span> <span class='ocrx_word' id='word_1_37' title='bbox 904 925 943 986; x_wconf 87' lang='grc' dir='ltr'>τὰ</span> <span class='ocrx_word' id='word_1_38' title='bbox 967 920 1051 987; x_wconf 87' lang='grc' dir='ltr'>άλλα</span> <span class='ocrx_word' id='word_1_39' title='bbox 1079 924 1357 1007; x_wconf 80' lang='grc' dir='ltr'>καινουρχήματα,</span> <span class='ocrx_word' id='word_1_40' title='bbox 1387 917 1523 984; x_wconf 81' lang='grc' dir='ltr'>ἀποστε-</span> 
     </span>
     <span class='ocr_line' id='line_1_6' title="bbox 257 1043 1524 1132; baseline -0.003 -24"><span class='ocrx_word' id='word_1_41' title='bbox 257 1047 378 1132; x_wconf 78' lang='grc' dir='ltr'>ρησεις,</span> <span class='ocrx_word' id='word_1_42' title='bbox 415 1043 555 1122; x_wconf 83' lang='grc' dir='ltr'>ἀδικίας,</span> <span class='ocrx_word' id='word_1_43' title='bbox 590 1047 860 1130; x_wconf 78' lang='grc' dir='ltr'>προσκρούσματα</span> <span class='ocrx_word' id='word_1_44' title='bbox 882 1043 939 1110; x_wconf 89' lang='grc' dir='ltr'>καὶ</span> <span class='ocrx_word' id='word_1_45' title='bbox 963 1049 1079 1132; x_wconf 89' lang='grc' dir='ltr'>ζημίας</span> <span class='ocrx_word' id='word_1_46' title='bbox 1110 1048 1165 1118; x_wconf 87' lang='grc' dir='ltr'>τὰς</span> <span class='ocrx_word' id='word_1_47' title='bbox 1197 1049 1369 1130; x_wconf 73' lang='grc' dir='ltr'>γενομένας</span> <span class='ocrx_word' id='word_1_48' title='bbox 1392 1043 1445 1107; x_wconf 86' lang='grc' dir='ltr'>διὰ</span> <span class='ocrx_word' id='word_1_49' title='bbox 1469 1051 1524 1105; x_wconf 82' lang='grc' dir='ltr'>τού</span> 
     </span>
     <span class='ocr_line' id='line_1_7' title="bbox 256 1162 1524 1254; baseline -0.005 -22"><span class='ocrx_word' id='word_1_50' title='bbox 256 1177 353 1254; x_wconf 86' lang='grc' dir='ltr'>κυροῶ</span> <span class='ocrx_word' id='word_1_51' title='bbox 377 1167 494 1241; x_wconf 87' lang='grc' dir='ltr'>δουκός</span> <span class='ocrx_word' id='word_1_52' title='bbox 517 1172 574 1232; x_wconf 86' lang='grc' dir='ltr'>καί</span> <span class='ocrx_word' id='word_1_53' title='bbox 597 1177 651 1232; x_wconf 86' lang='grc' dir='ltr'>τού</span> <span class='ocrx_word' id='word_1_54' title='bbox 676 1173 866 1254; x_wconf 91' lang='grc' dir='ltr'>κοομουνίου</span> <span class='ocrx_word' id='word_1_55' title='bbox 889 1167 1040 1241; x_wconf 86' lang='grc' dir='ltr'>Βενετίας</span> <span class='ocrx_word' id='word_1_56' title='bbox 1068 1179 1132 1242; x_wconf 85' lang='grc' dir='ltr'>τοῖς</span> <span class='ocrx_word' id='word_1_57' title='bbox 1161 1163 1424 1253; x_wconf 72' lang='grc' dir='ltr'>ὑποτεταγμένοις</span> <span class='ocrx_word' id='word_1_58' title='bbox 1452 1162 1524 1253; x_wconf 80' lang='grc' dir='ltr'>ἡμῖν</span> 
     </span>
     <span class='ocr_line' id='line_1_8' title="bbox 258 1289 1523 1379; baseline -0.003 -23"><span class='ocrx_word' id='word_1_59' title='bbox 258 1293 290 1356; x_wconf 86' lang='grc' dir='ltr'>ἐν</span> <span class='ocrx_word' id='word_1_60' title='bbox 315 1290 357 1378; x_wconf 68' lang='lat' dir='ltr'>tq]</span> <span class='ocrx_word' id='word_1_61' title='bbox 383 1293 485 1377; x_wconf 79' lang='grc' dir='ltr'>καιρῷ</span> <span class='ocrx_word' id='word_1_62' title='bbox 511 1294 567 1356; x_wconf 86' lang='grc' dir='ltr'>καί</span> <span class='ocrx_word' id='word_1_63' title='bbox 591 1289 652 1357; x_wconf 83' lang='grc' dir='ltr'>αἰπύ</span> <span class='ocrx_word' id='word_1_64' title='bbox 676 1301 731 1358; x_wconf 78' lang='grc' dir='ltr'>τού</span> <span class='ocrx_word' id='word_1_65' title='bbox 754 1301 867 1379; x_wconf 83' lang='grc' dir='ltr'>καιροῦ</span> <span class='ocrx_word' id='word_1_66' title='bbox 891 1301 951 1357; x_wconf 86' lang='grc' dir='ltr'>τῶν</span> <span class='ocrx_word' id='word_1_67' title='bbox 975 1293 1161 1357; x_wconf 89' lang='grc' dir='ltr'>τελευταίων</span> <span class='ocrx_word' id='word_1_68' title='bbox 1193 1293 1311 1378; x_wconf 88' lang='grc' dir='ltr'>τρεβῶν</span> <span class='ocrx_word' id='word_1_69' title='bbox 1342 1301 1402 1356; x_wconf 88' lang='grc' dir='ltr'>τῶν</span> <span class='ocrx_word' id='word_1_70' title='bbox 1431 1311 1523 1366; x_wconf 77' lang='grc' dir='ltr'>χενο-</span> 
     </span>
     <span class='ocr_line' id='line_1_9' title="bbox 259 1415 1523 1504; baseline -0.002 -24"><span class='ocrx_word' id='word_1_71' title='bbox 259 1421 360 1502; x_wconf 84' lang='grc' dir='ltr'>μένυιν</span> <span class='ocrx_word' id='word_1_72' title='bbox 385 1418 417 1482; x_wconf 89' lang='grc' dir='ltr'>ἐν</span> <span class='ocrx_word' id='word_1_73' title='bbox 444 1428 483 1504; x_wconf 77' lang='grc' dir='ltr'>τῇ</span> <span class='ocrx_word' id='word_1_74' title='bbox 510 1415 841 1484; x_wconf 85' lang='grc' dir='ltr'>Κωνσιαντινουπύλει</span> <span class='ocrx_word' id='word_1_75' title='bbox 875 1421 931 1485; x_wconf 84' lang='grc' dir='ltr'>καί</span> <span class='ocrx_word' id='word_1_76' title='bbox 960 1422 1040 1504; x_wconf 85' lang='grc' dir='ltr'>μετὰ</span> <span class='ocrx_word' id='word_1_77' title='bbox 1070 1425 1168 1484; x_wconf 78' lang='grc' dir='ltr'>ταῦτα</span> <span class='ocrx_word' id='word_1_78' title='bbox 1203 1419 1351 1492; x_wconf 74' lang='grc' dir='ltr'>ἐναντίως</span> <span class='ocrx_word' id='word_1_79' title='bbox 1387 1427 1442 1481; x_wconf 88' lang='grc' dir='ltr'>τοῶ</span> <span class='ocrx_word' id='word_1_80' title='bbox 1470 1417 1523 1478; x_wconf 92' lang='grc' dir='ltr'>τύ-</span> 
     </span>
     <span class='ocr_line' id='line_1_10' title="bbox 257 1540 1525 1628; baseline -0.003 -24"><span class='ocrx_word' id='word_1_81' title='bbox 257 1561 318 1604; x_wconf 93' lang='grc' dir='ltr'>που</span> <span class='ocrx_word' id='word_1_82' title='bbox 356 1550 415 1604; x_wconf 90' lang='grc' dir='ltr'>τῶν</span> <span class='ocrx_word' id='word_1_83' title='bbox 454 1540 570 1626; x_wconf 88' lang='grc' dir='ltr'>τρεβῶν</span> <span class='ocrx_word' id='word_1_84' title='bbox 609 1542 793 1606; x_wconf 84' lang='grc' dir='ltr'>καταλῦσαι</span> <span class='ocrx_word' id='word_1_85' title='bbox 831 1545 887 1608; x_wconf 88' lang='grc' dir='ltr'>καί</span> <span class='ocrx_word' id='word_1_86' title='bbox 926 1542 1176 1628; x_wconf 76' lang='grc' dir='ltr'>διορθώσασθαι</span> <span class='ocrx_word' id='word_1_87' title='bbox 1213 1545 1269 1606; x_wconf 85' lang='grc' dir='ltr'>καί</span> <span class='ocrx_word' id='word_1_88' title='bbox 1308 1543 1525 1620; x_wconf 80' lang='grc' dir='ltr'>άπαναχαχεῖν</span> 
     </span>
     <span class='ocr_line' id='line_1_11' title="bbox 260 1661 1526 1754; baseline -0.003 -24"><span class='ocrx_word' id='word_1_89' title='bbox 260 1665 304 1739; x_wconf 84' lang='grc' dir='ltr'>εἰς</span> <span class='ocrx_word' id='word_1_90' title='bbox 327 1665 381 1752; x_wconf 82' lang='grc' dir='ltr'>τήν</span> <span class='ocrx_word' id='word_1_91' title='bbox 416 1661 623 1754; x_wconf 71' lang='grc' dir='ltr'>ὀφειλομένην</span> <span class='ocrx_word' id='word_1_92' title='bbox 658 1665 737 1730; x_wconf 87' lang='grc' dir='ltr'>εἶναι</span> <span class='ocrx_word' id='word_1_93' title='bbox 764 1670 820 1730; x_wconf 87' lang='grc' dir='ltr'>καί</span> <span class='ocrx_word' id='word_1_94' title='bbox 845 1663 876 1730; x_wconf 86' lang='grc' dir='ltr'>ἐν</span> <span class='ocrx_word' id='word_1_95' title='bbox 899 1665 921 1753; x_wconf 68' lang='grc' dir='ltr'><strong><em>ᾗ</em></strong></span> <span class='ocrx_word' id='word_1_96' title='bbox 945 1664 1027 1752; x_wconf 76' lang='grc' dir='ltr'>ἦσαν</span> <span class='ocrx_word' id='word_1_97' title='bbox 1062 1670 1275 1742; x_wconf 80' lang='grc' dir='ltr'>καταστάσει,</span> <span class='ocrx_word' id='word_1_98' title='bbox 1310 1668 1424 1738; x_wconf 87' lang='grc' dir='ltr'>καθῶς</span> <span class='ocrx_word' id='word_1_99' title='bbox 1460 1663 1526 1728; x_wconf 82' lang='grc' dir='ltr'>ἐστι</span> 
     </span>
     <span class='ocr_line' id='line_1_12' title="bbox 259 1784 1525 1877; baseline 0.001 -24"><span class='ocrx_word' id='word_1_100' title='bbox 259 1789 384 1854; x_wconf 93' lang='grc' dir='ltr'>δίκαιον</span> <span class='ocrx_word' id='word_1_101' title='bbox 410 1791 467 1854; x_wconf 87' lang='grc' dir='ltr'>καί</span> <span class='ocrx_word' id='word_1_102' title='bbox 500 1785 663 1877; x_wconf 74' lang='grc' dir='ltr'>ὀφείλουσι</span> <span class='ocrx_word' id='word_1_103' title='bbox 693 1793 778 1854; x_wconf 90' lang='grc' dir='ltr'>κατά</span> <span class='ocrx_word' id='word_1_104' title='bbox 805 1792 858 1853; x_wconf 85' lang='grc' dir='ltr'>τὸν</span> <span class='ocrx_word' id='word_1_105' title='bbox 882 1789 976 1854; x_wconf 90' lang='grc' dir='ltr'>τύπον</span> <span class='ocrx_word' id='word_1_106' title='bbox 999 1799 1059 1854; x_wconf 92' lang='grc' dir='ltr'>τῶν</span> <span class='ocrx_word' id='word_1_107' title='bbox 1083 1791 1209 1875; x_wconf 89' lang='grc' dir='ltr'>τρεβῶν.</span> <span class='ocrx_word' id='word_1_108' title='bbox 1235 1789 1282 1854; x_wconf 83' lang='grc' dir='ltr'>ἔτι</span> <span class='ocrx_word' id='word_1_109' title='bbox 1305 1786 1413 1874; x_wconf 76' lang='grc' dir='ltr'>ἐπειδὴ</span> <span class='ocrx_word' id='word_1_110' title='bbox 1437 1784 1525 1874; x_wconf 65' lang='grc' dir='ltr'>ἡμεῖς</span> 
     </span>
     <span class='ocr_line' id='line_1_13' title="bbox 260 1909 1525 2000; baseline -0.002 -22"><span class='ocrx_word' id='word_1_111' title='bbox 260 1911 276 1978; x_wconf 84' lang='grc' dir='ltr'>δ</span> <span class='ocrx_word' id='word_1_112' title='bbox 308 1913 458 1998; x_wconf 78' lang='grc' dir='ltr'>βασιλεύς</span> <span class='ocrx_word' id='word_1_113' title='bbox 492 1917 548 1978; x_wconf 92' lang='grc' dir='ltr'>καί</span> <span class='ocrx_word' id='word_1_114' title='bbox 574 1909 594 1999; x_wconf 84' lang='grc' dir='ltr'>ἡ</span> <span class='ocrx_word' id='word_1_115' title='bbox 627 1913 776 1996; x_wconf 89' lang='grc' dir='ltr'>βασιλεία</span> <span class='ocrx_word' id='word_1_116' title='bbox 809 1909 898 2000; x_wconf 83' lang='grc' dir='ltr'>ἡμῶν</span> <span class='ocrx_word' id='word_1_117' title='bbox 933 1911 1116 2000; x_wconf 86' lang='grc' dir='ltr'>ἐνεχύμεθα</span> <span class='ocrx_word' id='word_1_118' title='bbox 1150 1918 1206 1978; x_wconf 93' lang='grc' dir='ltr'>καί</span> <span class='ocrx_word' id='word_1_119' title='bbox 1240 1913 1525 1997; x_wconf 83' lang='grc' dir='ltr'>ἀπολειπαζίμεθα</span> 
     </span>
     <span class='ocr_line' id='line_1_14' title="bbox 261 2035 1526 2125; baseline -0.004 -23"><span class='ocrx_word' id='word_1_120' title='bbox 261 2037 370 2102; x_wconf 84' lang='grc' dir='ltr'>δοῦναι</span> <span class='ocrx_word' id='word_1_121' title='bbox 397 2041 453 2101; x_wconf 85' lang='grc' dir='ltr'>καί</span> <span class='ocrx_word' id='word_1_122' title='bbox 489 2035 673 2125; x_wconf 84' lang='grc' dir='ltr'>άποφλῆσαι</span> <span class='ocrx_word' id='word_1_123' title='bbox 708 2039 750 2123; x_wconf 78' lang='grc' dir='ltr'>τῷ</span> <span class='ocrx_word' id='word_1_124' title='bbox 782 2038 866 2123; x_wconf 79' lang='grc' dir='ltr'>κορῴ</span> <span class='ocrx_word' id='word_1_125' title='bbox 891 2037 983 2100; x_wconf 89' lang='grc' dir='ltr'>δουκί</span> <span class='ocrx_word' id='word_1_126' title='bbox 1010 2035 1131 2120; x_wconf 77' lang='grc' dir='ltr'>καὶτῷ</span> <span class='ocrx_word' id='word_1_127' title='bbox 1162 2042 1340 2123; x_wconf 83' lang='grc' dir='ltr'>κυυμυυνίῳ</span> <span class='ocrx_word' id='word_1_128' title='bbox 1375 2035 1526 2107; x_wconf 87' lang='grc' dir='ltr'>Βενετίας</span> 
     </span>
     <span class='ocr_line' id='line_1_15' title="bbox 261 2157 1527 2249; baseline -0.003 -21"><span class='ocrx_word' id='word_1_129' title='bbox 261 2159 337 2248; x_wconf 87' lang='grc' dir='ltr'>ύπέρ</span> <span class='ocrx_word' id='word_1_130' title='bbox 365 2159 615 2248; x_wconf 83' lang='grc' dir='ltr'>ἰκανοπυιήσεως</span> <span class='ocrx_word' id='word_1_131' title='bbox 650 2171 710 2226; x_wconf 90' lang='grc' dir='ltr'>τῶν</span> <span class='ocrx_word' id='word_1_132' title='bbox 741 2161 884 2226; x_wconf 90' lang='grc' dir='ltr'>παλαιῶν</span> <span class='ocrx_word' id='word_1_133' title='bbox 916 2165 1035 2248; x_wconf 90' lang='grc' dir='ltr'>ζημιῶν</span> <span class='ocrx_word' id='word_1_134' title='bbox 1067 2157 1228 2246; x_wconf 87' lang='grc' dir='ltr'>ύπέρπορα</span> <span class='ocrx_word' id='word_1_135' title='bbox 1260 2163 1411 2249; x_wconf 80' lang='grc' dir='ltr'>χιλιάδας</span> <span class='ocrx_word' id='word_1_136' title='bbox 1434 2162 1527 2224; x_wconf 88' lang='grc' dir='ltr'>δεκα-</span> 
     </span>
     <span class='ocr_line' id='line_1_16' title="bbox 261 2283 1526 2373; baseline -0.002 -21"><span class='ocrx_word' id='word_1_137' title='bbox 261 2290 340 2354; x_wconf 84' lang='grc' dir='ltr'>επτά</span> <span class='ocrx_word' id='word_1_138' title='bbox 362 2290 418 2350; x_wconf 91' lang='grc' dir='ltr'>καί</span> <span class='ocrx_word' id='word_1_139' title='bbox 449 2284 564 2352; x_wconf 77' lang='grc' dir='ltr'>ἑκατὸν</span> <span class='ocrx_word' id='word_1_140' title='bbox 595 2283 836 2373; x_wconf 71' lang='grc' dir='ltr'>ἐξηκοντατρία,</span> <span class='ocrx_word' id='word_1_141' title='bbox 871 2283 1114 2372; x_wconf 73' lang='grc' dir='ltr'>ὑπισχνούμεθα</span> <span class='ocrx_word' id='word_1_142' title='bbox 1139 2285 1180 2372; x_wconf 74' lang='grc' dir='ltr'>τῷ</span> <span class='ocrx_word' id='word_1_143' title='bbox 1206 2286 1360 2373; x_wconf 78' lang='grc' dir='ltr'>εἰρημένῳ</span> <span class='ocrx_word' id='word_1_144' title='bbox 1394 2285 1526 2370; x_wconf 80' lang='grc' dir='ltr'>ἀποκρι-</span> 
     </span>
     <span class='ocr_line' id='line_1_17' title="bbox 263 2406 1528 2498; baseline -0.006 -21"><span class='ocrx_word' id='word_1_145' title='bbox 263 2416 389 2498; x_wconf 89' lang='grc' dir='ltr'>σιαρίιρ,</span> <span class='ocrx_word' id='word_1_146' title='bbox 426 2411 561 2497; x_wconf 87' lang='grc' dir='ltr'>συνδίκιρ</span> <span class='ocrx_word' id='word_1_147' title='bbox 584 2415 640 2476; x_wconf 83' lang='grc' dir='ltr'>καί</span> <span class='ocrx_word' id='word_1_148' title='bbox 672 2409 826 2496; x_wconf 78' lang='grc' dir='ltr'>ἐπιτρόπῳ</span> <span class='ocrx_word' id='word_1_149' title='bbox 857 2409 988 2496; x_wconf 84' lang='grc' dir='ltr'>δνύματι</span> <span class='ocrx_word' id='word_1_150' title='bbox 1022 2409 1065 2496; x_wconf 75' lang='grc' dir='ltr'>τῷ</span> <span class='ocrx_word' id='word_1_151' title='bbox 1086 2415 1300 2498; x_wconf 75' lang='grc' dir='ltr'>προειρημένῳ</span> <span class='ocrx_word' id='word_1_152' title='bbox 1335 2410 1447 2474; x_wconf 80' lang='grc' dir='ltr'>δοῦναι</span> <span class='ocrx_word' id='word_1_153' title='bbox 1473 2406 1528 2473; x_wconf 86' lang='grc' dir='ltr'>καὶ</span> 
     </span>
     <span class='ocr_line' id='line_1_18' title="bbox 262 2531 1527 2622; baseline -0.003 -20"><span class='ocrx_word' id='word_1_154' title='bbox 262 2535 446 2622; x_wconf 79' lang='grc' dir='ltr'>ἆποφλησαι</span> <span class='ocrx_word' id='word_1_155' title='bbox 474 2539 513 2600; x_wconf 88' lang='grc' dir='ltr'>τὰ</span> <span class='ocrx_word' id='word_1_156' title='bbox 547 2543 678 2600; x_wconf 81' lang='grc' dir='ltr'>τοιαῦτα</span> <span class='ocrx_word' id='word_1_157' title='bbox 706 2531 863 2622; x_wconf 88' lang='grc' dir='ltr'>ύπέρπυρα</span> <span class='ocrx_word' id='word_1_158' title='bbox 891 2535 945 2600; x_wconf 83' lang='grc' dir='ltr'>διὰ</span> <span class='ocrx_word' id='word_1_159' title='bbox 971 2539 1063 2600; x_wconf 89' lang='grc' dir='ltr'>πέντε</span> <span class='ocrx_word' id='word_1_160' title='bbox 1095 2533 1171 2600; x_wconf 83' lang='grc' dir='ltr'>ἐτῶν</span> <span class='ocrx_word' id='word_1_161' title='bbox 1203 2545 1262 2600; x_wconf 90' lang='grc' dir='ltr'>τῶν</span> <span class='ocrx_word' id='word_1_162' title='bbox 1294 2533 1407 2622; x_wconf 69' lang='grc' dir='ltr'>ἐφεξῆς</span> <span class='ocrx_word' id='word_1_163' title='bbox 1439 2533 1527 2598; x_wconf 87' lang='grc' dir='ltr'>ἐλευ-</span> 
     </span>
     <span class='ocr_line' id='line_1_19' title="bbox 262 2656 1528 2746; baseline 0.003 -22"><span class='ocrx_word' id='word_1_164' title='bbox 262 2665 417 2745; x_wconf 86' lang='grc' dir='ltr'>σομένων,</span> <span class='ocrx_word' id='word_1_165' title='bbox 454 2657 636 2746; x_wconf 83' lang='grc' dir='ltr'>ἀρχομένης</span> <span class='ocrx_word' id='word_1_166' title='bbox 670 2669 725 2746; x_wconf 81' lang='grc' dir='ltr'>τῆς</span> <span class='ocrx_word' id='word_1_167' title='bbox 759 2659 887 2744; x_wconf 90' lang='grc' dir='ltr'>διωρίας</span> <span class='ocrx_word' id='word_1_168' title='bbox 921 2667 980 2724; x_wconf 88' lang='grc' dir='ltr'>τῶν</span> <span class='ocrx_word' id='word_1_169' title='bbox 1020 2657 1190 2745; x_wconf 73' lang='grc' dir='ltr'>εἰρημένων</span> <span class='ocrx_word' id='word_1_170' title='bbox 1219 2663 1341 2746; x_wconf 87' lang='grc' dir='ltr'>χρύνων</span> <span class='ocrx_word' id='word_1_171' title='bbox 1377 2656 1439 2723; x_wconf 83' lang='grc' dir='ltr'>ἀπὸ</span> <span class='ocrx_word' id='word_1_172' title='bbox 1476 2669 1528 2744; x_wconf 76' lang='grc' dir='ltr'>τῆς</span> 
     </span>
     <span class='ocr_line' id='line_1_20' title="bbox 261 2779 1529 2872; baseline -0.002 -24"><span class='ocrx_word' id='word_1_173' title='bbox 261 2780 384 2872; x_wconf 77' lang='grc' dir='ltr'>ἡμέρας</span> <span class='ocrx_word' id='word_1_174' title='bbox 412 2794 468 2872; x_wconf 79' lang='grc' dir='ltr'>τῆς</span> <span class='ocrx_word' id='word_1_175' title='bbox 497 2784 699 2868; x_wconf 82' lang='grc' dir='ltr'>βεβαιώσεως</span> <span class='ocrx_word' id='word_1_176' title='bbox 727 2792 781 2848; x_wconf 88' lang='grc' dir='ltr'>τού</span> <span class='ocrx_word' id='word_1_177' title='bbox 808 2786 963 2869; x_wconf 81' lang='grc' dir='ltr'>παρέντος</span> <span class='ocrx_word' id='word_1_178' title='bbox 998 2781 1213 2867; x_wconf 88' lang='grc' dir='ltr'>συμβολαίου,</span> <span class='ocrx_word' id='word_1_179' title='bbox 1243 2783 1391 2870; x_wconf 85' lang='grc' dir='ltr'>δηλονότι</span> <span class='ocrx_word' id='word_1_180' title='bbox 1426 2779 1529 2868; x_wconf 79' lang='grc' dir='ltr'>ἡμέρα</span> 
     </span>
     <span class='ocr_line' id='line_1_21' title="bbox 263 2903 1530 2992; baseline -0.003 -20"><span class='ocrx_word' id='word_1_181' title='bbox 263 2907 430 2992; x_wconf 78' lang='grc' dir='ltr'>τελευταία</span> <span class='ocrx_word' id='word_1_182' title='bbox 456 2914 512 2972; x_wconf 86' lang='grc' dir='ltr'>τού</span> <span class='ocrx_word' id='word_1_183' title='bbox 541 2903 730 2992; x_wconf 85' lang='grc' dir='ltr'>δκτωβρίου,</span> <span class='ocrx_word' id='word_1_184' title='bbox 766 2906 961 2991; x_wconf 81' lang='grc' dir='ltr'>διαιροῦντος</span> <span class='ocrx_word' id='word_1_185' title='bbox 996 2909 1052 2978; x_wconf 89' lang='grc' dir='ltr'>τάς</span> <span class='ocrx_word' id='word_1_186' title='bbox 1087 2903 1256 2992; x_wconf 89' lang='grc' dir='ltr'>εἰρημένας</span> <span class='ocrx_word' id='word_1_187' title='bbox 1290 2907 1451 2970; x_wconf 83' lang='grc' dir='ltr'>δεκαεπτά</span> <span class='ocrx_word' id='word_1_188' title='bbox 1481 2927 1530 2990; x_wconf 90' lang='grc' dir='ltr'>χι-</span> 
     </span>
     <span class='ocr_line' id='line_1_22' title="bbox 263 3026 1528 3116; baseline -0.005 -20"><span class='ocrx_word' id='word_1_189' title='bbox 263 3032 376 3105; x_wconf 88' lang='grc' dir='ltr'>λίαδας</span> <span class='ocrx_word' id='word_1_190' title='bbox 407 3035 447 3096; x_wconf 85' lang='grc' dir='ltr'>τὰ</span> <span class='ocrx_word' id='word_1_191' title='bbox 478 3026 635 3116; x_wconf 87' lang='grc' dir='ltr'>ύπέρπορα</span> <span class='ocrx_word' id='word_1_192' title='bbox 669 3028 725 3094; x_wconf 83' lang='grc' dir='ltr'>καὶ</span> <span class='ocrx_word' id='word_1_193' title='bbox 760 3028 874 3095; x_wconf 82' lang='grc' dir='ltr'>ἑκατὸν</span> <span class='ocrx_word' id='word_1_194' title='bbox 903 3027 1057 3116; x_wconf 76' lang='grc' dir='ltr'>ἑξήκοντα</span> <span class='ocrx_word' id='word_1_195' title='bbox 1085 3033 1154 3115; x_wconf 91' lang='grc' dir='ltr'>τρία</span> <span class='ocrx_word' id='word_1_196' title='bbox 1188 3033 1273 3094; x_wconf 87' lang='grc' dir='ltr'>κατὰ</span> <span class='ocrx_word' id='word_1_197' title='bbox 1306 3034 1447 3115; x_wconf 88' lang='grc' dir='ltr'>πέμπτον</span> <span class='ocrx_word' id='word_1_198' title='bbox 1476 3032 1528 3092; x_wconf 85' lang='grc' dir='ltr'>καί</span> 
     </span>
     <span class='ocr_line' id='line_1_23' title="bbox 264 3150 1527 3240; baseline 0 -18"><span class='ocrx_word' id='word_1_199' title='bbox 264 3155 468 3228; x_wconf 82' lang='grc' dir='ltr'>ἀποδιδόντες</span> <span class='ocrx_word' id='word_1_200' title='bbox 490 3150 561 3218; x_wconf 88' lang='grc' dir='ltr'>κατ’</span> <span class='ocrx_word' id='word_1_201' title='bbox 586 3151 725 3219; x_wconf 80' lang='grc' dir='ltr'>ἐνιαυτὸν</span> <span class='ocrx_word' id='word_1_202' title='bbox 750 3156 785 3218; x_wconf 85' lang='grc' dir='ltr'>τύ</span> <span class='ocrx_word' id='word_1_203' title='bbox 811 3151 981 3237; x_wconf 76' lang='grc' dir='ltr'>ἐπιβάλλον</span> <span class='ocrx_word' id='word_1_204' title='bbox 1006 3150 1115 3239; x_wconf 84' lang='grc' dir='ltr'>μέρος,</span> <span class='ocrx_word' id='word_1_205' title='bbox 1150 3153 1297 3240; x_wconf 83' lang='grc' dir='ltr'>δηλονότι</span> <span class='ocrx_word' id='word_1_206' title='bbox 1321 3155 1356 3218; x_wconf 86' lang='grc' dir='ltr'>τύ</span> <span class='ocrx_word' id='word_1_207' title='bbox 1379 3151 1527 3238; x_wconf 84' lang='grc' dir='ltr'>πέμπτον.</span> 
     </span>
     <span class='ocr_line' id='line_1_24' title="bbox 264 3275 1528 3366; baseline -0.006 -20"><span class='ocrx_word' id='word_1_208' title='bbox 264 3277 340 3366; x_wconf 82' lang='grc' dir='ltr'>ὅπερ</span> <span class='ocrx_word' id='word_1_209' title='bbox 378 3278 460 3344; x_wconf 84' lang='grc' dir='ltr'>ἐστίν</span> <span class='ocrx_word' id='word_1_210' title='bbox 500 3275 659 3364; x_wconf 85' lang='grc' dir='ltr'>ύπέρπορα</span> <span class='ocrx_word' id='word_1_211' title='bbox 697 3279 858 3364; x_wconf 85' lang='grc' dir='ltr'>τρισχίλια</span> <span class='ocrx_word' id='word_1_212' title='bbox 897 3280 1086 3363; x_wconf 85' lang='grc' dir='ltr'>τετρακόσια</span> <span class='ocrx_word' id='word_1_213' title='bbox 1127 3278 1373 3362; x_wconf 87' lang='grc' dir='ltr'>τριακονταδύο,</span> <span class='ocrx_word' id='word_1_214' title='bbox 1411 3281 1528 3342; x_wconf 87' lang='grc' dir='ltr'>κοκκία</span> 
     </span>
     <span class='ocr_line' id='line_1_25' title="bbox 265 3397 1529 3490; baseline -0.004 -20"><span class='ocrx_word' id='word_1_215' title='bbox 265 3406 488 3490; x_wconf 89' lang='grc' dir='ltr'>δεκατέσσαρα</span> <span class='ocrx_word' id='word_1_216' title='bbox 524 3400 621 3490; x_wconf 79' lang='grc' dir='ltr'>ἥμισυ</span> <span class='ocrx_word' id='word_1_217' title='bbox 644 3425 663 3490; x_wconf 85' lang='grc' dir='ltr'>η</span> <span class='ocrx_word' id='word_1_218' title='bbox 689 3402 821 3482; x_wconf 81' lang='grc' dir='ltr'>ἐχχιστα</span> <span class='ocrx_word' id='word_1_219' title='bbox 845 3406 901 3466; x_wconf 89' lang='grc' dir='ltr'>καί</span> <span class='ocrx_word' id='word_1_220' title='bbox 933 3397 1013 3465; x_wconf 85' lang='grc' dir='ltr'>ούτω</span> <span class='ocrx_word' id='word_1_221' title='bbox 1037 3406 1122 3466; x_wconf 88' lang='grc' dir='ltr'>κατά</span> <span class='ocrx_word' id='word_1_222' title='bbox 1145 3403 1317 3488; x_wconf 78' lang='grc' dir='ltr'>διαδοχὴν,</span> <span class='ocrx_word' id='word_1_223' title='bbox 1353 3407 1466 3488; x_wconf 87' lang='grc' dir='ltr'>μέχρις</span> <span class='ocrx_word' id='word_1_224' title='bbox 1495 3399 1529 3465; x_wconf 79' lang='grc' dir='ltr'>ἂν</span> 
     </span>
     <span class='ocr_line' id='line_1_26' title="bbox 264 3521 1530 3617; baseline -0.006 -22"><span class='ocrx_word' id='word_1_225' title='bbox 264 3531 422 3617; x_wconf 77' lang='grc' dir='ltr'>πληρωθῇ</span> <span class='ocrx_word' id='word_1_226' title='bbox 450 3525 469 3616; x_wconf 84' lang='grc' dir='ltr'>ἡ</span> <span class='ocrx_word' id='word_1_227' title='bbox 500 3526 679 3617; x_wconf 79' lang='grc' dir='ltr'>ἀπύφλησις</span> <span class='ocrx_word' id='word_1_228' title='bbox 706 3537 766 3592; x_wconf 91' lang='grc' dir='ltr'>τῶν</span> <span class='ocrx_word' id='word_1_229' title='bbox 793 3524 963 3612; x_wconf 90' lang='grc' dir='ltr'>εἰρημένων</span> <span class='ocrx_word' id='word_1_230' title='bbox 992 3526 1153 3590; x_wconf 86' lang='grc' dir='ltr'>δεκαεπτὰ</span> <span class='ocrx_word' id='word_1_231' title='bbox 1176 3527 1329 3612; x_wconf 89' lang='grc' dir='ltr'>χιλιάδων</span> <span class='ocrx_word' id='word_1_232' title='bbox 1354 3521 1530 3612; x_wconf 86' lang='grc' dir='ltr'>ύπερπύρων</span> 
     </span>
     <span class='ocr_line' id='line_1_27' title="bbox 264 3648 1531 3740; baseline -0.007 -20"><span class='ocrx_word' id='word_1_233' title='bbox 264 3659 321 3720; x_wconf 86' lang='grc' dir='ltr'>καί</span> <span class='ocrx_word' id='word_1_234' title='bbox 349 3651 463 3718; x_wconf 88' lang='grc' dir='ltr'>ἐκατύν</span> <span class='ocrx_word' id='word_1_235' title='bbox 499 3651 654 3740; x_wconf 72' lang='grc' dir='ltr'>ἑξήκοντα</span> <span class='ocrx_word' id='word_1_236' title='bbox 689 3661 779 3738; x_wconf 82' lang='grc' dir='ltr'>τριῶν</span> <span class='ocrx_word' id='word_1_237' title='bbox 814 3655 870 3714; x_wconf 85' lang='grc' dir='ltr'>καί</span> <span class='ocrx_word' id='word_1_238' title='bbox 905 3649 1180 3738; x_wconf 81' lang='grc' dir='ltr'>ἱκανοποιήσωμεν</span> <span class='ocrx_word' id='word_1_239' title='bbox 1213 3648 1372 3736; x_wconf 84' lang='grc' dir='ltr'>ἀκεραίως</span> <span class='ocrx_word' id='word_1_240' title='bbox 1407 3649 1439 3716; x_wconf 87' lang='grc' dir='ltr'>ἐν</span> <span class='ocrx_word' id='word_1_241' title='bbox 1469 3661 1531 3720; x_wconf 85' lang='grc' dir='ltr'>ταῖς</span> 
     </span>
     <span class='ocr_line' id='line_1_28' title="bbox 266 3773 1531 3867; baseline -0.006 -22"><span class='ocrx_word' id='word_1_242' title='bbox 266 3777 446 3867; x_wconf 71' lang='grc' dir='ltr'>εἰρημέναις</span> <span class='ocrx_word' id='word_1_243' title='bbox 474 3778 615 3864; x_wconf 90' lang='grc' dir='ltr'>διωρίαις</span> <span class='ocrx_word' id='word_1_244' title='bbox 646 3785 706 3842; x_wconf 91' lang='grc' dir='ltr'>τῶν</span> <span class='ocrx_word' id='word_1_245' title='bbox 739 3779 972 3861; x_wconf 87' lang='grc' dir='ltr'>προειρημένων</span> <span class='ocrx_word' id='word_1_246' title='bbox 1006 3781 1098 3840; x_wconf 89' lang='grc' dir='ltr'>πέντε</span> <span class='ocrx_word' id='word_1_247' title='bbox 1134 3773 1225 3852; x_wconf 85' lang='grc' dir='ltr'>ἐτῶν,</span> <span class='ocrx_word' id='word_1_248' title='bbox 1261 3780 1470 3848; x_wconf 87' lang='grc' dir='ltr'>συνάπτοντες</span> <span class='ocrx_word' id='word_1_249' title='bbox 1503 3774 1531 3846; x_wconf 79' lang='grc' dir='ltr'>ἐξ</span> 
     </span>
     <span class='ocr_line' id='line_1_29' title="bbox 267 3895 1528 3986; baseline -0.008 -16"><span class='ocrx_word' id='word_1_250' title='bbox 267 3903 411 3970; x_wconf 78' lang='grc' dir='ltr'>ἐνιαυτοῖν</span> <span class='ocrx_word' id='word_1_251' title='bbox 440 3901 484 3975; x_wconf 85' lang='grc' dir='ltr'>εἰς</span> <span class='ocrx_word' id='word_1_252' title='bbox 519 3899 660 3966; x_wconf 81' lang='grc' dir='ltr'>ἐνιαυτὸν</span> <span class='ocrx_word' id='word_1_253' title='bbox 688 3903 772 3963; x_wconf 87' lang='grc' dir='ltr'>κατὰ</span> <span class='ocrx_word' id='word_1_254' title='bbox 801 3898 973 3986; x_wconf 79' lang='grc' dir='ltr'>διαδοχὴν,</span> <span class='ocrx_word' id='word_1_255' title='bbox 1009 3899 1157 3985; x_wconf 85' lang='grc' dir='ltr'>δηλονότι</span> <span class='ocrx_word' id='word_1_256' title='bbox 1184 3895 1246 3963; x_wconf 80' lang='grc' dir='ltr'>αἰπύ</span> <span class='ocrx_word' id='word_1_257' title='bbox 1274 3909 1330 3964; x_wconf 86' lang='grc' dir='ltr'>τού</span> <span class='ocrx_word' id='word_1_258' title='bbox 1358 3897 1528 3984; x_wconf 82' lang='grc' dir='ltr'>δκτωβρίω</span> 
     </span>
     <span class='ocr_line' id='line_1_30' title="bbox 267 4019 1529 4115; baseline -0.003 -23"><span class='ocrx_word' id='word_1_259' title='bbox 267 4029 381 4115; x_wconf 88' lang='grc' dir='ltr'>μηνδς,</span> <span class='ocrx_word' id='word_1_260' title='bbox 415 4023 458 4100; x_wconf 85' lang='grc' dir='ltr'>ύς</span> <span class='ocrx_word' id='word_1_261' title='bbox 480 4028 679 4110; x_wconf 89' lang='grc' dir='ltr'>προείρηται,</span> <span class='ocrx_word' id='word_1_262' title='bbox 714 4021 796 4107; x_wconf 82' lang='grc' dir='ltr'>άδὴ</span> <span class='ocrx_word' id='word_1_263' title='bbox 820 4026 923 4086; x_wconf 92' lang='grc' dir='ltr'>πάντα</span> <span class='ocrx_word' id='word_1_264' title='bbox 946 4019 1104 4106; x_wconf 89' lang='grc' dir='ltr'>ύπέρπορα</span> <span class='ocrx_word' id='word_1_265' title='bbox 1131 4021 1275 4107; x_wconf 88' lang='grc' dir='ltr'>δύσομεν</span> <span class='ocrx_word' id='word_1_266' title='bbox 1310 4026 1366 4087; x_wconf 86' lang='grc' dir='ltr'>καί</span> <span class='ocrx_word' id='word_1_267' title='bbox 1391 4021 1529 4111; x_wconf 81' lang='grc' dir='ltr'>άποφλή·</span> 
     </span>
    </p>
   </div>
   <div class='ocr_carea' id='block_1_3' title="bbox 267 4141 1530 4236">
    <p class='ocr_par' dir='ltr' id='par_1_3' title="bbox 267 4141 1530 4236">
     <span class='ocr_line' id='line_1_31' title="bbox 267 4141 1530 4236; baseline -0.004 -21"><span class='ocrx_word' id='word_1_268' title='bbox 267 4171 364 4236; x_wconf 86' lang='grc' dir='ltr'>σομεν</span> <span class='ocrx_word' id='word_1_269' title='bbox 399 4148 432 4214; x_wconf 88' lang='grc' dir='ltr'>ἐν</span> <span class='ocrx_word' id='word_1_270' title='bbox 466 4159 530 4220; x_wconf 85' lang='grc' dir='ltr'>τοῖς</span> <span class='ocrx_word' id='word_1_271' title='bbox 565 4141 741 4232; x_wconf 89' lang='grc' dir='ltr'>εἰρημένοις</span> <span class='ocrx_word' id='word_1_272' title='bbox 775 4155 897 4230; x_wconf 77' lang='grc' dir='ltr'>καιροῖς</span> <span class='ocrx_word' id='word_1_273' title='bbox 935 4147 990 4208; x_wconf 89' lang='grc' dir='ltr'>καί</span> <span class='ocrx_word' id='word_1_274' title='bbox 1028 4143 1170 4226; x_wconf 87' lang='grc' dir='ltr'>διωρίαις</span> <span class='ocrx_word' id='word_1_275' title='bbox 1204 4147 1310 4230; x_wconf 86' lang='grc' dir='ltr'>πάσης</span> <span class='ocrx_word' id='word_1_276' title='bbox 1347 4151 1530 4234; x_wconf 74' lang='grc' dir='ltr'>προφάσεως</span> 
     </span>
    </p>
   </div>
   <div class='ocr_carea' id='block_1_4' title="bbox 269 4265 1530 4730">
    <p class='ocr_par' dir='ltr' id='par_1_4' title="bbox 269 4265 1530 4730">
     <span class='ocr_line' id='line_1_32' title="bbox 269 4265 1528 4362; baseline -0.005 -22"><span class='ocrx_word' id='word_1_277' title='bbox 269 4273 498 4362; x_wconf 80' lang='grc' dir='ltr'>ἀναιρουμένης</span> <span class='ocrx_word' id='word_1_278' title='bbox 525 4269 558 4336; x_wconf 87' lang='grc' dir='ltr'>ἐν</span> <span class='ocrx_word' id='word_1_279' title='bbox 582 4274 675 4356; x_wconf 85' lang='grc' dir='ltr'>χερσί</span> <span class='ocrx_word' id='word_1_280' title='bbox 700 4277 754 4333; x_wconf 85' lang='grc' dir='ltr'>τού</span> <span class='ocrx_word' id='word_1_281' title='bbox 785 4268 960 4356; x_wconf 89' lang='grc' dir='ltr'>μπαῐυύλου</span> <span class='ocrx_word' id='word_1_282' title='bbox 991 4277 1050 4331; x_wconf 89' lang='grc' dir='ltr'>τῶν</span> <span class='ocrx_word' id='word_1_283' title='bbox 1073 4265 1247 4332; x_wconf 90' lang='grc' dir='ltr'>Βενετίκων</span> <span class='ocrx_word' id='word_1_284' title='bbox 1271 4277 1326 4333; x_wconf 86' lang='grc' dir='ltr'>τού</span> <span class='ocrx_word' id='word_1_285' title='bbox 1349 4275 1435 4335; x_wconf 85' lang='grc' dir='ltr'>κατὰ</span> <span class='ocrx_word' id='word_1_286' title='bbox 1458 4293 1528 4336; x_wconf 90' lang='grc' dir='ltr'>και-</span> 
     </span>
     <span class='ocr_line' id='line_1_33' title="bbox 269 4386 1529 4483; baseline -0.006 -20"><span class='ocrx_word' id='word_1_287' title='bbox 269 4401 323 4483; x_wconf 87' lang='grc' dir='ltr'>ρύν</span> <span class='ocrx_word' id='word_1_288' title='bbox 358 4393 584 4483; x_wconf 90' lang='grc' dir='ltr'>εύρισκομένου</span> <span class='ocrx_word' id='word_1_289' title='bbox 613 4389 645 4455; x_wconf 83' lang='grc' dir='ltr'>ἐν</span> <span class='ocrx_word' id='word_1_290' title='bbox 672 4391 1002 4456; x_wconf 86' lang='grc' dir='ltr'>Κωνσταντινουπύλει</span> <span class='ocrx_word' id='word_1_291' title='bbox 1032 4386 1052 4475; x_wconf 82' lang='grc' dir='ltr'><strong>ἢ</strong></span> <span class='ocrx_word' id='word_1_292' title='bbox 1081 4387 1166 4476; x_wconf 78' lang='grc' dir='ltr'>ᾧτινι</span> <span class='ocrx_word' id='word_1_293' title='bbox 1199 4388 1219 4477; x_wconf 81' lang='grc' dir='ltr'>ἤ</span> <span class='ocrx_word' id='word_1_294' title='bbox 1255 4389 1387 4458; x_wconf 83' lang='grc' dir='ltr'>οἷστισιν</span> <span class='ocrx_word' id='word_1_295' title='bbox 1423 4391 1441 4458; x_wconf 85' lang='grc' dir='ltr'>θ</span> <span class='ocrx_word' id='word_1_296' title='bbox 1475 4402 1529 4476; x_wconf 84' lang='grc' dir='ltr'>κύρ</span> 
     </span>
     <span class='ocr_line' id='line_1_34' title="bbox 269 4510 1530 4603; baseline -0.007 -18"><span class='ocrx_word' id='word_1_297' title='bbox 269 4521 345 4595; x_wconf 75' lang='grc' dir='ltr'>δούζ</span> <span class='ocrx_word' id='word_1_298' title='bbox 366 4522 422 4584; x_wconf 89' lang='grc' dir='ltr'>καί</span> <span class='ocrx_word' id='word_1_299' title='bbox 444 4521 480 4583; x_wconf 90' lang='grc' dir='ltr'>τύ</span> <span class='ocrx_word' id='word_1_300' title='bbox 507 4518 695 4603; x_wconf 88' lang='grc' dir='ltr'>κουμούνιον</span> <span class='ocrx_word' id='word_1_301' title='bbox 722 4513 870 4587; x_wconf 87' lang='grc' dir='ltr'>Βενετίας</span> <span class='ocrx_word' id='word_1_302' title='bbox 906 4510 1099 4590; x_wconf 76' lang='grc' dir='ltr'>άποτάξωσι,</span> <span class='ocrx_word' id='word_1_303' title='bbox 1136 4517 1322 4599; x_wconf 70' lang='grc' dir='ltr'>σωζομένων</span> <span class='ocrx_word' id='word_1_304' title='bbox 1346 4517 1457 4581; x_wconf 89' lang='grc' dir='ltr'>διύλου</span> <span class='ocrx_word' id='word_1_305' title='bbox 1479 4518 1530 4582; x_wconf 87' lang='grc' dir='ltr'>καί</span> 
     </span>
     <span class='ocr_line' id='line_1_35' title="bbox 270 4635 1529 4730; baseline -0.002 -24"><span class='ocrx_word' id='word_1_306' title='bbox 270 4643 510 4730; x_wconf 85' lang='grc' dir='ltr'>φυλαττομένων</span> <span class='ocrx_word' id='word_1_307' title='bbox 544 4649 653 4706; x_wconf 90' lang='grc' dir='ltr'>πασῶν</span> <span class='ocrx_word' id='word_1_308' title='bbox 688 4641 744 4702; x_wconf 84' lang='grc' dir='ltr'>καί</span> <span class='ocrx_word' id='word_1_309' title='bbox 777 4635 918 4701; x_wconf 82' lang='grc' dir='ltr'>ἑκάστων</span> <span class='ocrx_word' id='word_1_310' title='bbox 954 4639 1073 4721; x_wconf 78' lang='grc' dir='ltr'>ζημιῶν</span> <span class='ocrx_word' id='word_1_311' title='bbox 1101 4644 1161 4700; x_wconf 89' lang='grc' dir='ltr'>τῶν</span> <span class='ocrx_word' id='word_1_312' title='bbox 1189 4635 1367 4704; x_wconf 87' lang='grc' dir='ltr'>Βενετίκων</span> <span class='ocrx_word' id='word_1_313' title='bbox 1402 4651 1462 4705; x_wconf 90' lang='grc' dir='ltr'>τῶν</span> <span class='ocrx_word' id='word_1_314' title='bbox 1491 4639 1529 4726; x_wconf 79' lang='grc' dir='ltr'>μὴ</span> 
     </span>
    </p>
   </div>
   <div class='ocr_carea' id='block_1_5' title="bbox 270 4759 1531 4866">
    <p class='ocr_par' dir='ltr' id='par_1_5' title="bbox 270 4759 1531 4866">
     <span class='ocr_line' id='line_1_36' title="bbox 270 4759 1531 4866; baseline -0.003 -35"><span class='ocrx_word' id='word_1_315' title='bbox 270 4763 481 4856; x_wconf 75' lang='grc' dir='ltr'>τεταγμένων,</span> <span class='ocrx_word' id='word_1_316' title='bbox 515 4763 564 4838; x_wconf 88' lang='grc' dir='ltr'>αίς</span> <span class='ocrx_word' id='word_1_317' title='bbox 591 4765 645 4828; x_wconf 82' lang='grc' dir='ltr'>διὰ</span> <span class='ocrx_word' id='word_1_318' title='bbox 668 4769 724 4849; x_wconf 77' lang='grc' dir='ltr'>τῆς</span> <span class='ocrx_word' id='word_1_319' title='bbox 747 4763 908 4866; x_wconf 77' lang='grc' dir='ltr'>παρούσης</span> <span class='ocrx_word' id='word_1_320' title='bbox 938 4761 1053 4848; x_wconf 89' lang='grc' dir='ltr'>τρέβας</span> <span class='ocrx_word' id='word_1_321' title='bbox 1076 4761 1119 4851; x_wconf 78' lang='grc' dir='ltr'>μὴ</span> <span class='ocrx_word' id='word_1_322' title='bbox 1154 4761 1234 4826; x_wconf 81' lang='grc' dir='ltr'>ἔστω</span> <span class='ocrx_word' id='word_1_323' title='bbox 1261 4759 1450 4848; x_wconf 84' lang='grc' dir='ltr'>ἐλάττωσις,</span> <span class='ocrx_word' id='word_1_324' title='bbox 1481 4765 1531 4830; x_wconf 84' lang='grc' dir='ltr'>καί</span> 
     </span>
    </p>
   </div>
   <div class='ocr_carea' id='block_1_6' title="bbox 0 0 1588 5268">
    <p class='ocr_par' dir='ltr' id='par_1_6' title="bbox 0 0 1588 5268">
     <span class='ocr_line' id='line_1_37' title="bbox 0 0 1588 5268; baseline 0 0"><span class='ocrx_word' id='word_1_325' title='bbox 0 0 1588 5268; x_wconf 95' lang='lat' dir='ltr'> </span> 
     </span>
    </p>
   </div>
  </div>
 </body>
</html>
