3132 5268
256 355 316 423 186

249 553 284 616 δὲ
309 562 368 618 τῶν
397 546 530 631 εὐγενῶν
557 557 613 618 καὶ
635 557 794 642 φρονίμων
819 553 940 641 ἀνδρῶν
963 565 1060 640 κυροῦ
1084 554 1280 642 Φραγγοῦλη
1304 564 1358 620 τοῦ
1382 554 1507 642 Βενίρη,

249 685 347 760 πυροῦ
370 674 497 763 Μιχίλη
521 675 609 751 Τζιῦν
633 682 689 744 καί
713 687 768 744 τοῦ
791 687 888 765 κυροῦ
912 677 1057 766 Γάσπαρι
1077 678 1314 766 Σουπεριέντζιω
1339 685 1395 744 καὶ
1418 691 1510 766 κυρυῦ

248 799 402 884 Ἰακώβου
425 809 480 866 τοῦ
503 798 616 890 Δελφίν
639 806 669 882 †.

337 923 603 1012 †³l‹ndvvm‚
634 923 678 992 ἂν
701 925 954 1014 Χριστῷτῷ
980 926 1255 1012 θεῷπιστὸς
1284 927 1510 1010 βασιλεὺς

248 1053 325 1114 καί
359 1046 664 1137 αὐτοκράτωρ
697 1049 942 1137 Ῥωμαίων,
979 1049 996 1117 ὁ
1031 1051 1365 1131 Παλαιολὸγυς
1396 1057 1425 1131 †.

338 1179 446 1252 Oriyin.
471 1183 583 1240 ικαυῦν.
610 1181 749 1236 tabularii
775 1181 880 1240 Veneti.
902 1181 929 1236 A
950 1193 1038 1254 πωροι
1060 1175 1125 1240 ἔτει
1149 1172 1211 1240 ἀπὸ
1234 1181 1368 1248 κτίσεως
1391 1180 1510 1262 κόσμου

249 1296 513 1386 ἑξακισχιλιοστῷ
546 1296 760 1386 ἐνακοσισστῷ
794 1303 969 1388 τριακοστῷ
1007 1298 1120 1386 ἐνάτῳ,
1161 1307 1235 1389 μηνὶ
1275 1299 1371 1388 μαΐιρ,
1410 1299 1510 1388 ἡμέρα

248 1422 297 1497 κς’
325 1421 384 1487 ίνδ.
416 1421 448 1488 θ’
475 1421 508 1488 αἱ
534 1431 691 1509 παροῦσαι
728 1426 835 1511 τρὲβαι
863 1422 902 1489 δι’
931 1423 1009 1511 ἐμοῦ
1036 1424 1193 1512 Γεωργίου
1225 1435 1279 1490 τοῦ
1307 1424 1510 1502 Μανικαΐτου,

251 1548 418 1632 βασιλικοῦ
446 1553 591 1634 νοταρίου
620 1549 772 1638 βασιλικῇ
805 1548 931 1634 ἐξουσία
974 1556 1071 1612 Aurea
1098 1558 1177 1614 bulla
1208 1558 1312 1614 συιιῐιιι
1338 1569 1389 1618 ωι.
1419 1558 1513 1614 Versio

249 1680 342 1734 ίαίίιια
358 1679 398 1734 ad
412 1679 550 1738 datram.

521 1975 585 2042 XL.
603 1975 833 2043 6945-1436.
851 1978 904 2041 30.
920 1975 1056 2042 octobris
1072 1975 1137 2042 ind.
1155 1975 1234 2042 XIV.

247 2141 410 2214 Imperator
431 2142 558 2198 Ισσκιιαι
588 2141 781 2214 Ραίααοίοριιε
800 2153 942 2216 ρνονορσι
960 2145 1110 2214 pactiones
1134 2145 1291 2198 anteriora
1314 2161 1377 2197 eum
1407 2143 1513 2198 Veneti*

675 2268 776 2338 saetas
791 2269 822 2320 ιἰι
838 2285 930 2322 annos
945 2269 1078 2338 quinquo.

334 2419 605 2504 γἸωάννης,
637 2417 680 2482 ἐν
709 2418 890 2506 Χριστῷ
915 2418 968 2504 τῷ
989 2419 1079 2504 θεῷ
1103 2421 1267 2492 πιστὸς
1291 2420 1515 2502 βασιλεῦς

247 2548 324 2608 καί
353 2538 918 2630 αῦτοκριίτωρῬωμαίων,
943 2541 960 2610 ὁ
985 2542 1318 2622 Παλαιολῦγος
1342 2547 1421 2608 καί
1445 2541 1514 2608 ἀεὶ

247 2665 519 2747 αὔγουστος.
557 2665 623 2732 ἐπεὶ
658 2665 674 2732 ὁ
705 2669 856 2757 ἐπιφανὴς
890 2672 947 2734 καί
980 2668 1224 2755 μεγαλοπρεπὴς
1258 2677 1317 2754 κῦρ
1348 2667 1513 2754 Φραντίὲ-

247 2811 325 2864 σκσς
357 2791 556 2877 Φοῦσκαρις,
591 2795 672 2858 θεοῦ
705 2796 813 2878 χάριτι
839 2793 914 2867 δοῦξ
943 2791 1091 2866 Βενετίας
1127 2797 1183 2858 καὶ
1218 2796 1257 2856 τὰ
1291 2793 1403 2870 λοιπὰ,
1438 2795 1512 2878 πρὸς

245 2913 330 3003 ἡμᾶς
357 2921 413 2982 καί
440 2918 496 3003 τὴν
524 2925 578 3002 τῆς
608 2913 763 3004 ἡμετέρας
795 2917 959 3000 βασιλείας
990 2919 1166 3000 παρουσίαν
1201 2915 1383 2982 ἀπέστειλεν
1414 2915 1446 2982 ἐν
1474 2928 1509 3002 ιγ,

244 3040 584 3119 Κωνστανιινουπόλει,
608 3053 647 3128 τῇ
667 3038 756 3129 ἡμῶν
778 3043 943 3130 περιφήμιρ
967 3041 1069 3118 πόλει,
1093 3042 1146 3104 τῦν
1171 3039 1374 3128 ἐξῃρημένον,
1400 3038 1509 3126 εῦγενῆ

244 3169 299 3230 καί
322 3167 472 3252 φρόνιμον
498 3163 598 3251 ἄνδρα
621 3175 679 3251 κῦρ
708 3165 923 3254 Χριστοιρῦρυν
951 3163 1151 3251 Μαρτζίλυν,
1188 3164 1311 3250 ἔντιμον
1339 3171 1396 3232 καί
1424 3187 1510 3250 περι-

243 3300 326 3379 ρανῆ
356 3288 596 3376 ἀποκρισιάριον
624 3286 720 3354 αὐτοῦ
748 3289 792 3363 εὶς
821 3294 860 3354 τὰ
888 3293 970 3377 μέρη
999 3299 1055 3375 τῆς
1082 3288 1275 3376 Ῥωμανίας,
1305 3291 1450 3356 σῦνδικόν
1478 3311 1508 3352 τε

243 3419 299 3480 καί
323 3412 488 3500 ἐπίτροπον
514 3409 688 3478 αὐτοῦτοῦ
713 3411 881 3502 ἐπιφανοῦς
905 3417 961 3478 καί
984 3415 1244 3500 μεγαλοπρεποῦς
1274 3423 1371 3500 κυροῦ
1395 3415 1508 3486 δουκῦς

243 3543 299 3604 καί
327 3548 381 3604 τοῦ
410 3537 599 3624 κσυμουνίου
626 3537 777 3610 Βενετίας
807 3536 925 3623 ἔχοντα
953 3535 1097 3613 ἐξουσίαν
1132 3542 1188 3604 καί
1215 3537 1326 3602 ἄδειαν
1354 3542 1412 3602 καί
1442 3535 1508 3620 ὁρι-

244 3663 324 3747 σμῦν
353 3658 540 3746 τρακταΐσαι
573 3666 630 3728 καί
656 3671 789 3747 ποιῆσαι
823 3665 879 3728 καί
906 3663 1081 3746 βεβαιῶσαι
1115 3666 1171 3726 καί
1199 3663 1366 3748 πληρῶσαι
1397 3659 1508 3746 τρέβας

243 3789 298 3852 καί
322 3787 488 3873 συνθήκας
516 3789 571 3859 τὰς
595 3789 764 3872 κατωτέρω
795 3791 1042 3875 γραφησομίνας
1067 3786 1182 3870 μεταξὺ
1205 3781 1294 3871 ἡμῶν
1319 3790 1431 3850 τεκαὶ
1455 3795 1507 3870 τῆς

242 3907 398 3998 ἡμετερας
433 3909 596 3994 βασιλείας
630 3915 686 3976 καί
721 3918 776 3975 τοῦ
810 3907 1038 3996 προειρημένου
1074 3918 1171 3995 πυροῦ
1206 3909 1323 3982 δσυκός
1362 3913 1418 3972 καὶ
1457 3917 1508 3972 τοῦ

242 4038 432 4120 κουμουνίου
454 4033 617 4112 Βενετίας,
652 4037 766 4108 καθὼς
789 4035 944 4122 δηλοῦται
966 4035 1019 4098 διαί
1042 4053 1125 4106 τινος
1149 4035 1334 4119 γράμματος
1358 4033 1508 4098 δουκικοῦ

243 4154 338 4224 αὐτοῦ
363 4167 418 4223 τοῦ
441 4157 610 4248 ἐπιφανοῦς
637 4163 693 4224 καί
722 4160 980 4246 μεγαλοπρεποῦς
1008 4169 1104 4244 κυροῦ
1132 4159 1249 4230 δουκῦς
1271 4162 1328 4222 καί
1352 4167 1407 4222 τοῦ
1432 4180 1508 4222 κου-

242 4288 369 4370 μυυνίου
396 4285 558 4364 Βενετίας,
594 4284 870 4372 κατωχυρωμένου
899 4285 1018 4370 βσῦλλμ
1054 4284 1220 4370 μολιβδίνρ
1251 4287 1331 4368 μετὰ
1365 4288 1507 4370 σχοινίου

241 4410 449 4492 καναβιτικοῦ
477 4411 630 4483 δοθέντος
658 4409 692 4474 ίν
720 4409 763 4496 τῷ
791 4407 931 4494 δουκικῷ
952 4407 1095 4492 παλατίιρ
1119 4401 1215 4472 αὐτοῦ
1241 4416 1294 4472 τοῦ
1318 4412 1506 4494 κυυμουνίου

243 4531 306 4596 ἔτει
333 4531 396 4598 ἀπὸ
420 4541 475 4618 τῆς
504 4542 558 4598 τοῦ
580 4533 719 4619 Χριστοῦ
749 4536 938 4618 σαρκώσεως
966 4532 1115 4617 χιλιοστῷ
1142 4531 1396 4617 τετρακοσιοστῷ
1419 4553 1506 4618 τρια-

241 4657 348 4744 κοστῷ
366 4656 460 4746 ἕκτῳ,
483 4657 676 4732 ἰνῦικτιιῦνος
700 4656 748 4736 ιδ’,
773 4656 877 4745 ἡμέρα
899 4655 928 4721 κ’
951 4665 1004 4721 τοῦ
1023 4655 1143 4722 ἰουλίσυ
1160 4659 1258 4743 μηνὸς
1274 4659 1359 4720 κατὰ
1375 4659 1411 4722 τὸ
1429 4657 1507 4728 ἔθος

242 4791 298 4874 τῆς
324 4782 488 4864 Βενετίας,
513 4783 617 4850 ἔτιδὲ
641 4787 697 4848 καί
725 4783 779 4846 διὰ
802 4783 989 4868 γράμματος
1017 4781 1169 4847 δουκικσῦ
1198 4783 1379 4855 πιστῦσεως
1410 4777 1505 4846 αὐτοῦ
