3114 5264
233 369 298 445 2⁷6

235 574 393 647 δουλικῶς
421 573 477 659 την
501 571 685 662 ἐξευχότητα
715 572 800 659 ὑμῶν
826 582 1079 661 προσκυνοῦμεν,
1103 572 1163 648 ίως
1192 573 1331 663 ἐδάφους
1362 581 1416 660 της
1445 583 1502 660 γῆς

234 705 497 784 προσκυνοῦντες,
525 699 787 785 παρακαλοῦντες
813 701 870 762 καὶ
893 699 1039 784 δεόμενοι
1066 706 1121 764 τοῦ
1144 698 1387 784 ταντοδυνάμυο
1413 700 1500 774 θεοῦ,

235 828 275 890 νῦ
298 827 432 911 διατηρη
456 827 491 890 τό
517 824 630 891 ἔνθεον
654 830 711 890 καί
741 825 959 912 ηαληνότατυν
982 827 1101 910 κράτος
1124 833 1180 910 της
1203 825 1409 911 δικαιοτάτης
1430 822 1500 908 ἀρι·

236 953 428 1033 οτοκματίοις
457 945 542 1034 ὑμῶν
571 947 678 1023 ἀσινὲς
707 947 769 1014 ἀπὸ
797 952 902 1035 πάσης
930 947 1074 1022 ἐναντίας
1103 945 1234 1036 ἐτηρίας
1261 951 1318 1014 καί
1349 945 1502 1032 ἆνάτερυν

235 1071 367 1159 ἀνιαροῦ
390 1075 507 1146 παντός
531 1077 780 1160 συναντηματος.

321 1197 366 1264 Τό
397 1203 529 1286 γράμμα
566 1221 642 1286 μας,
680 1199 875 1286 όξυχότατυι
898 1203 954 1264 καί
982 1195 1177 1286 όψηλότατυι
1211 1194 1379 1275 αόθόνττς,
1414 1196 1503 1274 εἶναι,

235 1323 289 1387 διόι
312 1327 352 1388 νά
376 1321 581 1412 ἀναφέρωμεν
605 1327 682 1410 πρός
706 1325 761 1411 την
792 1322 975 1412 λέιοχότητά
999 1344 1059 1396 σας
1083 1325 1140 1396 τός
1163 1323 1309 1409 μεγάλας
1332 1323 1503 1408 δυστυχίας

234 1431 290 1510 καί
317 1445 543 1534 αίχμαλοσίας
570 1452 626 1514 καί
655 1449 823 1536 δημεύσεις
852 1458 911 1513 ιῦν
939 1443 1142 1536 ὑπαρχόντων
1176 1444 1265 1534 ἡμῶν
1295 1451 1352 1512 καί
1381 1445 1502 1534 ἐμπρη-

233 1571 333 1658 σμυός
361 1581 422 1638 τῦν
452 1571 547 1638 οἷκον
581 1577 638 1637 καί
666 1581 726 1638 τιῦν
755 1571 934 1659 ἐκκλησιῶν
970 1568 1072 1660 ημῶν,
1109 1569 1188 1637 δποῦ
1217 1571 1323 1652 ἔχιναν
1351 1570 1395 1644 είς
1418 1567 1503 1658 ἡμᾶς

233 1695 287 1761 διά
316 1699 422 1783 χειρός
447 1705 502 1762 τοῦ
537 1691 738 1785 ὑψηλοτάτου
765 1697 922 1782 καβαλιὲρ
945 1695 1147 1784 Λιμτεράιιη.
1183 1692 1273 1784 ἡμεῖς
1302 1694 1331 1760 υί
1363 1695 1504 1771 ἐλεεινοί,

234 1818 427 1907 λςυχότατυι
455 1816 624 1899 αὐθένται,
661 1821 794 1909 εἴχαμεν
822 1819 883 1894 διυς
916 1831 970 1886 τοῦ
997 1831 1050 1886 νῦν
1070 1818 1139 1910 (ἀφ’
1175 1815 1212 1885 οῦ
1235 1817 1255 1908 ἡ
1280 1816 1358 1899 ἁγία
1390 1817 1505 1905 Μαῦρα

232 1949 289 2009 καί
312 1941 334 2031 ἡ
357 1943 504 2030 Πρόβεζα
529 1947 702 2032 ἐκυριτόθη
726 1941 785 2012 όπό
809 1956 865 2034 της
888 1946 1110 2032 χαληνοτάτης
1134 1945 1381 2030 ἀριστοκρατίας
1405 1939 1505 2030 ἁμῶν)

232 2066 314 2135 δέκα
343 2081 424 2156 τρεῖς
452 2073 601 2156 χρόνους,
630 2068 709 2136 όποῦ
726 2075 764 2156 μὲ
789 2073 825 2136 τό
853 2075 892 2136 νὰ
921 2069 1073 2157 είμεσθεν
1097 2067 1223 2157 ὅμοροι,
1249 2067 1506 2158 ἐρυβεριζόμτθα

234 2192 297 2258 ἀπό
321 2203 380 2258 τῶν
410 2192 586 2280 ἀνθρώπων
607 2205 661 2281 της
687 2192 784 2282 αὐτῆς
802 2194 962 2284 ἀφεντίας,
986 2199 1025 2260 νὰ
1050 2195 1389 2281 αὶχμαλοτισθοῦμτν,
1421 2189 1506 2280 ὅμως

233 2318 366 2406 εἴχαμεν
392 2317 514 2386 εὔνοιαν
537 2325 593 2386 καί
618 2318 882 2409 ίρυλαχόμεσθεν
903 2325 987 2386 κατά
1012 2325 1048 2384 τό
1072 2321 1204 2385 δυνατόν
1229 2341 1304 2406 μας,
1329 2323 1386 2383 καί
1415 2318 1506 2404 εἴχα-

233 2463 290 2528 μεν
315 2445 499 2531 ηυλαημίνυ
529 2447 565 2510 τό
593 2447 725 2532 πράημα
754 2469 826 2532 ρας,
850 2449 906 2512 καί
929 2446 982 2510 δίν
1007 2444 1218 2533 όβλάρθημεν
1253 2443 1427 2521 παντελῶς,
1451 2447 1507 2507 καί

232 2566 369 2654 εἴχαμεν
392 2573 584 2656 προθυμίαν,
609 2573 834 2656 καὶπρότερον
858 2575 897 2636 νά
919 2572 1159 2656 προσοίσομεν,
1181 2572 1237 2634 καί
1261 2571 1300 2632 νά
1322 2569 1510 2654 προσκυνη-

233 2711 339 2778 σομτν
367 2691 412 2766 τίς
440 2689 537 2780 αὐτὴν
561 2695 615 2781 την
647 2695 868 2782 χαληνυτοίτην
893 2691 1079 2770 αόθεντίαν,
1115 2693 1170 2759 διὰ
1204 2697 1244 2758 νολ
1278 2692 1508 2778 λυτροθοῦμτν

233 2814 296 2882 άπό
325 2818 399 2891 τοῦς
433 2819 565 2908 φόβους,
602 2817 686 2886 ἀλλὰ
715 2817 958 2907 ίμαυδιῦόμεθα
989 2816 1047 2885 ὑπό
1082 2829 1142 2886 τόν
1171 2819 1373 2906 κρατοόνιιιν
1411 2814 1512 2904 ἡμῶν.

232 2943 323 3030 μόλις
352 2945 387 3008 δὲ
416 2948 496 3030 μετὰ
524 2947 597 3019 τοῦς
613 2945 938 3043 δεκατρείςχρόνοος
964 2944 1125 3033 ἐπήραμεν
1154 2943 1279 3022 ἄδειαν,
1305 2948 1361 3009 καὶ
1384 2963 1508 3030 παρευ-

232 3069 294 3142 θῦς
316 3073 396 3156 μετὰ
424 3073 606 3158 προθυμίας
635 3073 797 3158 ὲπήγαμεν
828 3070 871 3144 είς
899 3071 954 3156 την
984 3067 1077 3149 ἁγίαν
1097 3069 1241 3156 Μαῦραν,
1265 3073 1321 3135 καί
1345 3066 1507 3155 ἐπρυσκυ-

232 3197 385 3282 νήσαμεν,
421 3199 478 3262 καί
503 3194 649 3282 ἐγίνημεν
686 3196 835 3284 συόδητυι
869 3203 923 3260 τοῦ
959 3191 1051 3275 άχίυυ
1078 3192 1213 3281 Μάρκου
1240 3195 1294 3259 διὰ
1322 3197 1425 3280 μίσου
1454 3201 1508 3258 τυῦ

231 3313 586 3409 όόηλυτάτουάρὲντυυ
611 3321 766 3406 γενεράλη
791 3319 959 3386 Ἀντωνίου
974 3317 1122 3407 Μυλήνη,
1139 3323 1195 3384 καὶ
1217 3317 1508 3406 λσυμβιβάσθημεν

232 3441 300 3530 μετ’
322 3440 429 3522 αὐτοῦ,
454 3449 493 3511 νὰ
508 3445 720 3533 πληρόνιυμεν
745 3441 814 3509 κατ’
841 3443 911 3518 ἔτος
936 3438 1050 3530 ῥεάλια
1074 3445 1126 3508 τόν
1146 3434 1289 3530 Ιοἰριθμόν
1313 3444 1404 3529 χίλια
1429 3465 1505 3508 πεν-

232 3571 369 3633 τακόσια
396 3567 466 3656 ἤτοι
498 3573 626 3651 Ιῦ(00),
650 3573 706 3634 καί
730 3568 881 3642 ἔστοντας
908 3572 947 3633 νῦι
978 3565 1076 3655 ἦλθεν
1101 3565 1119 3632 ό
1143 3569 1235 3654 μισός
1258 3570 1384 3653 καιρός,
1406 3565 1508 3653 ἐπλη-

232 3695 380 3780 ρώσαμεν
404 3695 459 3780 την
483 3688 565 3777 ράτα
587 3689 676 3780 ηρῦν
701 3687 815 3776 ῥόαλια
836 3691 1011 3760 ἑπτακόσια
1034 3695 1231 3779 πεντήκοντα
1253 3689 1325 3780 ἤτοι
1348 3691 1425 3770 750,
1452 3695 1507 3754 καὶ

232 3815 396 3906 ἐχάρημεν
420 3815 556 3894 ἅπαντες
572 3822 675 3906 χαρὰν
700 3819 854 3905 μεγάλην,
877 3829 944 3893 πῶς
960 3815 1232 3905 ἠλευθερώθημεν
1259 3815 1401 3882 ἀπὸτοῦ
1426 3817 1506 3882 πολ-

232 3941 289 4006 λοῦ
325 3945 425 4031 φόβου
459 3953 515 4030 τῆς
550 3941 787 4030 αἰχμαλωσίας,
812 3947 867 4007 καί
896 3942 1044 4029 είμεσθεν
1080 3941 1258 4028 ἐλεύθεροι.
1284 3942 1436 4030 ἐξαπίνης
1460 3941 1505 4011 δὲ,

231 4067 285 4132 δίν
308 4064 479 4156 ἠξεῦρομεν
502 4079 579 4148 πῶς,
603 4064 704 4154 ἦλθεν
729 4065 772 4143 ὡς
795 4070 990 4156 φθοροπυιός
1022 4066 1165 4154 ἀστραπὴ
1191 4065 1208 4132 ό
1232 4070 1414 4156 ψηλότατυς
1443 4088 1508 4132 οια-

233 4191 343 4277 βαλιὲρ
367 4191 592 4279 Λιμπεράκης,
616 4195 672 4254 καί
696 4191 827 4278 ἔφθειρε
848 4195 904 4256 καί
928 4189 1079 4279 ἠφάνισεν
1104 4189 1203 4279 ἄρδην
1227 4193 1282 4278 τὴν
1301 4191 1425 4280 Ἄρτον
1450 4194 1507 4254 καὶ

233 4316 272 4378 τὰ
295 4319 398 4401 χυρία
426 4312 523 4403 αὐτῆς
546 4317 602 4380 καί
629 4315 702 4388 τούς
726 4312 758 4380 ἐν
783 4311 863 4403 αὐτη
886 4325 1116 4390 κατοικοῦντας
1137 4316 1355 4403 χριστιανοῦς,
1381 4313 1505 4403 ἅρπαζε

233 4441 272 4502 τά
296 4434 479 4526 ὑπάρχοντα
507 4435 611 4527 ἡμῶν,
636 4437 772 4504 ἔκαυσεν
796 4443 835 4504 τὰ
862 4437 1013 4527 όσπήτια,
1051 4438 1206 4528 ἐδήμευσε
1235 4445 1273 4506 τὰ
1303 4440 1372 4528 ἱερὰ
1405 4438 1509 4520 σκεύη

232 4571 292 4625 τῶν
314 4561 504 4650 ἐκκλησιῶν,
528 4563 659 4650 ἔρριψαν
679 4567 765 4628 κατὰ
788 4573 848 4650 τῆς
870 4567 911 4628 τὰ
935 4561 1012 4646 ἅμα
1036 4561 1213 4653 ἀρτοφόρια
1232 4569 1313 4652 μετὰ
1336 4574 1392 4630 τοῦ
1418 4569 1509 4648 ξοη-

233 4687 331 4770 φόρου
355 4686 467 4772 ἄρτου,
503 4686 617 4772 ἔσυραν
642 4697 793 4766 Ιχυνοιῐκας
817 4691 896 4772 μετὰ
925 4698 985 4752 τῶν
1011 4689 1145 4754 παιδίον
1181 4687 1300 4765 αὐτῶν,
1334 4688 1509 4777 λτράβισαν

233 4811 290 4870 καί
317 4807 475 4896 ἔφθειρον
503 4811 681 4892 παρθίνυυς
705 4815 761 4872 καὶ
785 4810 868 4874 ἄλλα
885 4819 981 4898 μυρία
1005 4817 1093 4880 κακὰ
1118 4812 1272 4900 ἐποίησαν
1294 4812 1369 4900 ἡμῖν
1393 4814 1423 4878 υἱ
1448 4811 1511 4876 άν-
