3148 5268
235 373 278 436 92

236 563 375 654 οὑλοοῆ
402 575 456 632 τοιῖ
472 576 596 654 κριτοῦ.
621 577 680 632 τῶν
709 567 883 636 Βενετίκων
912 569 931 656 ἢ·
960 571 1013 636 διὰ
1043 581 1103 634 τοῖν
1130 569 1303 636 Βενετίκων
1331 579 1392 634 τῶν
1421 567 1508 655 εὑρι-Ι

237 694 400 776 σκομένων
425 689 457 755 ἐν
482 692 524 776 τῷ
542 693 673 778 τοιούτῳ
698 697 797 778 τόπῳ,
822 697 877 758 καί
902 690 938 757 οὑ
962 695 1004 780 μη
1035 689 1220 779 εὑρίσκωσιν
1250 692 1295 765 είς
1322 701 1414 758 τοῦτο
1445 695 1505 777 ἐμ-

234 815 399 904 ποδισμὺν
414 837 483 882 τινα
505 819 592 902 παρὰ
615 825 669 882 τοὺ
694 821 807 903 μίροος
831 827 887 904 της
911 819 1075 902 βασιλείας
1099 814 1198 906 ἡμῶν·
1224 814 1278 882 ἐὰν
1303 817 1338 882 δὲ
1363 811 1426 904 οὐχ
1451 813 1507 882 εὑ·

237 941 376 1024 ρεθῶσιν
412 937 513 1006 ἐκεῖσε
547 940 726 1019 Βενέτικοι,
757 940 814 1009 ,ἵνα
844 942 1012 1032 ἐπαίρηται
1039 945 1074 1007 τὺ
1100 953 1232 1029 πρᾶγμα
1260 942 1381 1008 ἐκείνου
1416 947 1507 1029 παρὰ

235 1073 290 1151 τῆς
315 1065 480 1148 βασιλείας
505 1061 594 1152 ἡμῶν
618 1063 637 1152 ἢ
662 1077 722 1146 τῶν
752 1064 926 1153 ἀνθρώπων
955 1063 1053 1154 αὑτῆς
1082 1077 1142 1132 τῶν
1166 1065 1359 1154 εὑρεθέντων
1389 1065 1507 1142 ἐκεῖσε,

235 1192 291 1256 καί
314 1191 517 1276 φυλάσσηται
540 1194 599 1256 καί
623 1196 752 1279 γένηται
776 1189 809 1256 ἐν
834 1195 943 1281 τούτῳ,
968 1193 999 1259 εί
1019 1216 1048 1258 τι
1072 1191 1109 1259 ἂν
1133 1195 1210 1280 δὺξη
1235 1195 1279 1280 τῷ
1300 1195 1392 1258 δοοκί
1407 1193 1507 1260 Βενε-

235 1317 303 1388 τίας
327 1311 348 1402 ἢ
372 1325 436 1386 τοῖς
459 1315 574 1402 δικαίῳ
603 1311 709 1382 αὑτοῦ.
732 1313 786 1385 ἵνα
810 1314 866 1386 ἐὰν
890 1319 1009 1405 συμβῇ,
1032 1313 1107 1404 ὅπερ
1133 1319 1175 1405 μη
1198 1318 1266 1405 δῶη
1291 1319 1378 1396 θεὸς,
1403 1339 1506 1382 ναοα-

235 1447 333 1525 γησαι
355 1441 423 1506 τινὰ
450 1437 619 1508 Βενέτικον
643 1438 662 1527 ἢ
686 1439 875 1516 Βενετίκοος
904 1446 984 1528 μετὰ
1010 1443 1168 1528 καραβίοι
1197 1438 1298 1508 αὐτῶν
1321 1439 1341 1529 ἢ
1365 1439 1506 1527 ίὺλοοῆ

234 1564 322 1638 ξένοι
348 1563 454 1642 ξύλου,
490 1567 529 1630 τὰ
558 1568 732 1652 πράγματα
762 1563 863 1632 αὑτῶν
894 1567 1199 1654 παραρὺλαττωνται
1223 1570 1420 1652 σεσωσμένοι,
1450 1567 1508 1628 καί

235 1686 336 1776 ἔχωσι
369 1693 425 1754 καί
449 1691 604 1778 βοήθειαν
633 1689 662 1754 οἱ
695 1699 833 1756 τοιοῦτοι
868 1689 930 1758 ἀπὸ
965 1701 1025 1758 τῶν
1049 1690 1223 1780 ἀνθρώπων
1252 1700 1308 1779 τῆς
1337 1691 1507 1774 βασιλείας

233 1810 322 1900 ἡμῶν
351 1812 397 1888 εἰς
426 1818 461 1880 τὸ
491 1812 761 1882 ἀνακαλέσασθαι
788 1819 823 1882 τὺ
852 1814 953 1883 αὐτῶν
976 1828 1116 1911 πρᾶγμα.
1154 1817 1201 1884 ἐτι
1227 1815 1282 1882 ἵνα
1310 1817 1427 1904 ἔχωσιν
1460 1815 1507 1880 ἐπέ

235 1936 344 2016 ἀδείας
372 1939 401 2008 οἱ
428 1940 590 2012 Βενέτικοι
620 1940 806 2022 ἐξωνεῖσθαι
835 1953 918 2008 σῖτον
946 1947 1004 2010 καί
1031 1941 1200 2027 ἐκβάλλειν
1230 1939 1325 2008 αὑτὸν
1357 1941 1416 2020 ἔξω
1450 1951 1508 2027 της

233 2067 340 2152 χώρας
364 2074 419 2151 της
450 2067 616 2150 βασιλείας
643 2063 732 2154 ἡμῶν
761 2070 841 2154 μετὰ
869 2068 1031 2153 παραβίων
1062 2064 1164 2132 αὑτῶν
1188 2065 1209 2154 ἢ
1232 2068 1330 2143 ξὺλων
1352 2064 1373 2154 ἢ
1398 2064 1507 2148 ἄλλων

234 2190 363 2262 ξενικῶν
379 2190 546 2270 καίένθα
562 2189 600 2256 ἂν
616 2192 814 2278 θεληθωσιν,
839 2188 1047 2278 ἀποκομίζειν
1068 2194 1121 2256 τὸν
1143 2199 1283 2256 τοιοῦτον
1308 2203 1402 2270 σῖτον,
1426 2189 1507 2256 ἄνει)

234 2323 293 2378 τῶν
318 2325 429 2402 χωρῶν
450 2325 510 2381 τῶν
534 2316 665 2402 ἐχθρῶν
689 2325 744 2402 της
769 2316 933 2400 βασιλείας
960 2313 1065 2406 ἡμῶν,
1101 2311 1176 2380 ὅταν
1204 2318 1243 2380 τὰ
1267 2313 1381 2382 έκατόν
1407 2315 1508 2400 μόδια

234 2446 289 2502 τοῦ
314 2443 401 2504 σίτοο
435 2440 655 2507 διαπωλιῖινται
689 2439 734 2516 εἰς
769 2436 928 2528 ὑπίρπορα
950 2439 1065 2514 ἑκατὸν
1089 2437 1109 2526 ἢ
1133 2443 1191 2505 καί
1219 2438 1361 2507 ἔλαττον·
1388 2437 1446 2503 ἐὰν
1472 2440 1508 2504 δέ

235 2559 383 2628 ἐπέκεινα
406 2575 465 2629 τῶν
494 2562 608 2630 ἑκατὸν
638 2561 817 2652 ὑπεραίρων
845 2565 1079 2645 διαπωλῶνται,
1109 2559 1145 2628 οὐ
1169 2565 1212 2651 μὴ
1242 2563 1360 2650 ἔχωσιν
1391 2561 1506 2628 ἄδειαν

235 2687 404 2770 ἐκβάλλειν
429 2699 512 2756 σῖτον
537 2687 599 2756 ἀπὸ
624 2701 683 2756 τῶν
707 2701 819 2776 χωρῶν
843 2700 899 2777 τῆς
923 2689 1089 2774 βασιλείας
1111 2685 1200 2776 ἡμῶν
1224 2685 1299 2754 ἄντο
1321 2697 1507 2773 προτροπῶν

234 2821 290 2898 της
321 2813 485 2897 βασιλείας
519 2810 619 2902 ἡμῶν·
660 2813 715 2880 ἐὰν
746 2816 781 2880 δέ
813 2813 980 2901 ἐπαοίηθη
1008 2811 1026 2880 6
1054 2815 1180 2901 μόδιος,
1213 2809 1267 2876 ἵνα
1291 2811 1314 2899 ᾗ
1336 2815 1420 2877 κατὰ
1448 2814 1507 2898 τήν

234 2937 409 3018 ἀναλογίαν
434 2950 488 3027 τῆς
513 2939 724 3028 ἐπαοξήσεως.
750 2938 867 3028 ὁμοίως
890 2941 926 3005 δὲ
948 2937 1003 3006 ἵνα
1025 2938 1082 3009 έιίν
1105 2960 1152 3013 τις
1174 2937 1341 3012 Βενέτικος
1364 2935 1384 3024 ἦ
1408 2936 1507 3002 Βενί-

233 3085 316 3132 τικοι
338 3063 477 3132 ἔλθωσιν
508 3063 570 3130 ἀπὸ
597 3077 653 3153 της
684 3065 828 3152 μεγάλης
859 3066 1031 3151 θαλάσσης
1063 3067 1144 3150 μετὰ
1174 3063 1331 3148 καραβίοο
1353 3059 1374 3149 ἢ
1398 3063 1505 3138 Είλοο,

233 3191 267 3253 τὸ
292 3193 349 3275 μὲν
371 3187 541 3258 Βενετίκοο
564 3188 584 3278 ἢ
609 3193 707 3270 ξένοι,
733 3192 814 3276 μετὰ
838 3194 925 3254 σίτοο
948 3187 969 3276 ἢ
993 3185 1094 3254 ἄλλοι)
1118 3189 1330 3274 γεννήματος,
1350 3185 1505 3252 δὺνωνται

233 3310 436 3399 ἀπέρχεσθαι
469 3319 552 3400 μετὰ
586 3322 640 3380 τοῦ
676 3317 818 3380 τοιοιίτοο
853 3313 946 3388 ξίλοο
982 3308 1083 3377 αὑτῶν
1110 3309 1131 3398 ἢ
1159 3313 1247 3386 Εένοο
1275 3313 1331 3374 καί
1361 3314 1451 3374 σίτοο
1483 3307 1504 3396 ἢ

232 3435 333 3502 ἄλλοο
356 3440 550 3525 γεννήματος
574 3435 752 3525 ἐλευθέρως
773 3443 831 3521 ηαί
855 3436 928 3504 ἄνευ
944 3435 1135 3516 ιὑιντιλογίας
1159 3439 1241 3509 τινός
1265 3446 1320 3523 τῆς
1337 3435 1504 3519 βασιλείας

231 3559 320 3649 ἡμῶν
347 3560 367 3649 ἢ
392 3532 475 3636 τινὸς
502 3567 672 3650 προσῶποο
699 3565 815 3648 δικαίῳ
845 3572 900 3650 τῆς
926 3562 1091 3646 βασιλείας
1119 3558 1220 3649 ἡμῶν.
1242 3557 1295 3624 ἵνα
1319 3557 1375 3624 ἐὰν
1402 3559 1503 3626 Βενὲ-

232 3689 320 3758 τικός
341 3709 387 3759 τις
410 3691 615 3775 κακοποιηση
641 3687 685 3762 είς
708 3685 873 3774 Ῥωμαίων,
898 3690 954 3752 καί
977 3683 1098 3773 εὑρεθῇ
1123 3682 1140 3750 6
1164 3693 1306 3761 τοιοῦτος
1321 3682 1502 3762 Βενέτικος,

232 3812 383 3900 ἐνέχηται
406 3809 423 3878 6
447 3835 481 3899 τε
508 3815 683 3898 μποιϊοιίλος
705 3812 725 3902 ἢ
750 3810 767 3877 6
790 3815 899 3900 κριτὴς
921 3809 940 3877 6
963 3812 1079 3896 δικαίῳ
1103 3819 1159 3897 τῆς
1186 3789 1339 3884 Βενετίας
1362 3805 1404 3874 ὧν
1426 3829 1501 3874 ποι-

233 3949 276 4005 εῖν
308 3939 362 4024 πὶγν
396 3936 560 4026 ἐκδίκησιν
591 3942 677 4018 κατὰ
706 3940 833 4009 δίκαιον
866 3939 972 4017 λόγον·
1007 3935 1036 4001 εί
1058 3937 1094 4002 δὲ
1119 3933 1136 4002 6
1159 3937 1336 4008 κακοποιὸς
1362 3930 1424 4022 οὐχ
1447 3931 1502 4000 εὑ-

231 4061 419 4152 ρεθη,1ί’νοι
446 4063 578 4146 διδῶται
613 4060 698 4150 αὐτῷ
723 4063 835 4149 διωρία
870 4067 966 4148 μέχρι
991 4065 1048 4126 καί
1073 4057 1206 4148 ἡμίσεος
1240 4061 1358 4146 χρόνον
1387 4055 1435 4123 ἐπί
1460 4059 1503 4142 τῷ

233 4186 337 4254 ἐλθεῖν
362 4183 458 4254 αὑτὸν
479 4191 536 4252 καί
564 4186 789 4276 ίκανοποιῆσαι
818 4191 852 4253 τὰ
884 4189 1032 4277 σρίλμα,
1069 4183 1145 4272 ὅπερ
1178 4184 1322 4271 ἐποίησε,
1357 4181 1415 4248 καί
1446 4181 1501 4248 ἐὰν

234 4311 321 4386 ἐντὸς
345 4321 400 4398 τῆς
423 4304 556 4400 διωρίας
578 4323 633 4378 τοῦ
651 4315 799 4382 Υτοιοὺτοο
819 4323 934 4400 καιροῦ
956 4311 1044 4398 ἔλθη
1067 4309 1083 4375 6
1109 4317 1265 4388 τοιοῦτος,
1287 4305 1342 4373 ἵνα
1366 4305 1382 4374 δ
1408 4321 1501 4394 μποιῖ-

232 4436 326 4510 οὑλος
348 4439 406 4500 καί
429 4433 449 4511 ὑ,
469 4439 578 4525 κριτὴς
593 4448 669 4524 ποιῇ
692 4437 747 4523 τὴν
764 4436 940 4524 ἐκδίκησιν,
964 4433 1007 4510 ὑις
1031 4433 1164 4522 εἴρηται,
1189 4433 1217 4500 εὶ
1239 4429 1266 4498 δ’
1291 4429 1354 4520 οὐχ
1370 4428 1500 4519 εὑρεθῇ,

230 4559 284 4627 ἵνα
306 4558 323 4625 6
348 4560 522 4646 μπαίοὺλος
544 4560 565 4649 ἢ
589 4560 606 4629 6
630 4563 739 4650 κριτὴς
761 4560 782 4650 ἢ
806 4559 823 4628 6
847 4563 961 4646 δικαίιρ
986 4562 1096 4629 τοὺτοο
1121 4558 1301 4645 ἀποστέλλῃ
1323 4563 1380 4624 καί
1398 4579 1501 4644 παρα·

231 4687 325 4772 δηλοῖ
340 4685 384 4765 εἰς
400 4687 473 4760 τοὺς
488 4690 600 4764 τίποος
616 4693 674 4756 καί
687 4691 812 4775 χώρας,
831 4687 905 4769 [είς]
922 4685 977 4760 οὑς
995 4685 1123 4773 ἐχοοσιν
1136 4683 1166 4752 οἱ
1177 4683 1341 4752 Βενέτικοι
1358 4685 1498 4769 δύναμιν,

231 4806 312 4890 ὥστε
334 4805 433 4897 εὑρεῖν
457 4804 572 4888 αὑτοὺς
595 4808 658 4878 ἀπὸ
682 4822 743 4877 τῶν
764 4813 957 4897 πραγμάτων
989 4818 1043 4876 τοῦ
1066 4818 1261 4888 κακοποιοῦ,
1285 4813 1342 4873 καί
1371 4805 1409 4873 ἐκ
1440 4817 1498 4872 τῶν
