3148 5268
1264 397 1329 464 110

68 598 132 678 μίας
152 601 208 658 τοῦ
232 598 342 679 κυρίου
369 594 523 680 χιλιοστῷ
551 593 781 681 τριακυσιοστῷ
805 594 1054 680 τεσσαρακοστῷ
1076 593 1139 660 ότει
1161 597 1246 662 κατὰ
1269 593 1325 682 την

68 717 204 804 είκοστήν
227 714 351 805 ἡμίραν
373 725 428 783 τοῦ
453 715 630 799 αύγούστοο
654 722 753 808 μηνός
776 720 830 784 θιόι
853 722 961 806 χειρός
984 717 1106 806 Πότρου
1129 722 1180 786 ντί
1201 717 1325 805 Ἀρόνα,

66 843 266 927 πρεσβυτίρου
300 851 356 930 της
391 839 566 930 όκκλησίας
593 851 648 908 τού
678 839 770 924 ἁγίου
804 841 1056 930 Βαρθολομαίου
1090 846 1147 908 καί
1180 847 1326 930 νοταρίου

66 976 111 1052 της
132 965 293 1040 Βενετίας.
324 963 404 1054 ύπιρ
430 969 534 1032 πιῖντα
561 971 618 1032 καί
644 965 769 1034 ύκαστα
796 971 836 1032 τὰ
858 969 1081 1056 προρρηθόντα
1105 965 1135 1032 οἱ
1157 967 1324 1054 θηλωθόν-

66 1113 108 1164 τες
134 1087 291 1156 αύθίνται
319 1093 375 1156 καί
410 1091 550 1174 βασιλεῖς
585 1095 642 1156 καί
677 1089 829 1176 όκοίτερυς
864 1088 966 1156 αύτῦν
999 1087 1039 1156 δι’
1071 1088 1186 1156 ἁαοτοό
1211 1088 1259 1164 είς
1286 1091 1326 1156 τό

64 1211 133 1294 ἅγια
156 1223 214 1280 τού
237 1217 320 1280 θεοῦ
349 1211 523 1296 εόαγγόλια
552 1211 709 1302 ἁψόμκνοι
726 1225 786 1280 τῶν
810 1213 908 1296 ἁγίων
932 1225 1069 1304 γραφῶν,
1092 1215 1247 1300 παρόντος
1270 1215 1326 1280 καί
1444 1273 1451 1292 ,

65 1347 113 1402 τοῦ
128 1340 275 1404 τοιούτου
295 1337 551 1425 ἁποκρισιαρίου,
575 1343 632 1404 καί
648 1333 741 1412 ούτος
761 1340 855 1404 πόλιν
879 1337 896 1405 ὁ
921 1347 1061 1414 τοιοῦτος
1085 1336 1326 1425 ἁποκρισιάριος

64 1461 100 1547 τῷ
121 1471 178 1527 τοῦ
198 1459 367 1548 ἐπιτρόπου
393 1467 449 1528 καί
477 1463 627 1528 συνοίκου
653 1459 800 1548 όνόματι,
825 1460 988 1550 ἁψόμενος
1015 1473 1076 1527 τῶν
1100 1459 1202 1528 αὐτόν
1227 1459 1325 1544 ἁγίων

63 1597 201 1674 γραριῖν,
227 1585 271 1660 είς
299 1586 355 1672 την
376 1587 480 1673 ψυχὴν
503 1595 558 1651 τοῦ
581 1587 817 1676 όιαληρθίντος
840 1595 939 1673 κυροῦ
962 1587 1079 1660 θοοκός
1102 1590 1158 1652 καί
1182 1596 1243 1651 των
1267 1583 1325 1652 ἁν-

63 1713 192 1795 θρύπων
214 1719 270 1775 τού
293 1715 466 1796 κομουνίοο
486 1719 542 1798 της
564 1709 714 1784 Βενετίας
738 1707 868 1796 ὤμοσαν
896 1714 953 1774 καὶ
981 1707 1224 1796 όπηγγείλαντυ,
1247 1713 1327 1798 πρός

63 1831 217 1920 ἀλλήλους
246 1835 362 1918 βίβαια
388 1837 444 1898 καὶ
479 1839 685 1920 κεκυρωμῖνα
716 1833 803 1920 ἔχειν
830 1855 864 1898 τι
888 1838 944 1898 καί
970 1839 1122 1922 κατίχειν
1147 1838 1203 1900 καί
1227 1831 1327 1922 ἀρρη-

62 1979 136 2030 κτας
160 1957 321 2043 διατηρεῖν
356 1961 411 2022 καί
445 1958 587 2044 πληροῦν
621 1963 678 2023 καί
711 1957 938 2048 όιατηρεῖσθαι
966 1955 1023 2022 καὶ
1057 1958 1326 2046 συμπληροῦσθαι

61 2092 152 2146 ποιεῖν
168 2084 227 2146 καί
242 2083 328 2146 κατα
350 2103 378 2146 τι
399 2082 441 2167 μὴ
467 2078 698 2168 όναντιωθηναι
721 2091 784 2155 τοῖς
800 2082 1026 2168 προρρηθεῖσιν
1049 2077 1070 2167 ἢ
1095 2077 1134 2146 δι’
1158 2078 1326 2168 ύαοτιῦν,ἢ

62 2201 95 2268 δι’
118 2203 247 2291 ἐτίμων,
275 2204 362 2290 λόγῳ
385 2201 406 2291 ἢ
430 2203 531 2292 ύργιρ,
556 2207 658 2291 τρύπιρ
682 2209 740 2270 τινί
763 2201 782 2291 ἦ
807 2215 954 2292 μηχανῇ,
983 2203 1099 2291 όικαίιρ
1122 2201 1142 2291 ἦ
1167 2203 1254 2289 αἰτία
1281 2199 1329 2269 ὑπ’

62 2327 280 2416 ἐνοχοπυιήσει
302 2331 425 2394 πάντων
449 2337 510 2394 τόν
536 2328 668 2409 ύιγαθιῖν
693 2337 752 2393 τῶν
781 2329 927 2394 τοιούτων
958 2324 1119 2395 αύθεντιῦν
1147 2332 1203 2394 καί
1231 2329 1325 2414 βασι·

61 2455 133 2518 λίων
160 2456 218 2518 καί
245 2461 301 2539 τῆς
328 2453 496 2538 βασιλείας
524 2449 625 2519 αότῦν
653 2457 710 2517 καί
738 2461 794 2519 τοῦ
823 2447 980 2540 βηθίντος
1007 2461 1106 2540 κυροῦ
1132 2453 1250 2527 θουκός
1272 2455 1329 2518 καί

62 2587 110 2643 τοῦ
132 2581 307 2664 κομοονίου
330 2585 385 2664 της
409 2575 576 2655 Βενετίας,
602 2587 662 2642 τῦν
685 2580 847 2662 παρόντων
871 2599 905 2642 τε
928 2579 983 2642 καί
1006 2586 1067 2642 τῦν
1090 2574 1258 2662 ίοομίνων.
1283 2574 1325 2642 ύν

63 2705 179 2768 πόντων
204 2701 249 2774 είς
273 2705 445 2788 μαρτυρίαν
468 2705 524 2766 καί
546 2702 767 2788 λαμπροτίραν
792 2703 962 2786 βεβαίωσιν
985 2699 1015 2766 οἱ
1038 2703 1240 2787 όηλειθίντες
1261 2721 1325 2782 γα-

62 2825 225 2912 ληνότατοι
253 2821 408 2892 αύθίνται
436 2827 491 2891 καί
520 2827 661 2909 βασιλεῖς
684 2829 741 2891 καί
763 2823 918 2912 ἁκότερος
942 2822 1044 2891 αύτῦν
1067 2821 1107 2890 δι’
1131 2823 1245 2892 ίαυτού
1269 2823 1326 2892 καί

61 2946 75 3012 ό
100 2957 241 3023 τοιοῦτος
263 2959 324 3034 κύρ
355 2947 597 3034 ἀποκρισιὰριος
618 2947 674 3014 θύο
697 2951 852 3029 γενίσθαι
878 2949 1020 3037 δημόσια
1048 2951 1222 3035 γράμματα
1242 2951 1323 3035 σύμ-

62 3093 143 3160 ρωνα
166 3063 368 3161 κατόότηοιίν
400 3095 433 3136 τε
460 3076 516 3138 καί
543 3073 731 3159 όιωρῖσαντυ
765 3081 825 3138 τῶν
851 3073 1097 3161 προρρηθίντων
1130 3069 1242 3151 ύνεκα,
1270 3073 1325 3138 διὰ

62 3201 162 3284 χειρός
186 3196 267 3285 όμοῦ
290 3205 345 3262 τού
368 3202 537 3284 πραίτορος
566 3205 621 3262 τοῦ
644 3197 748 3284 θημου
772 3205 828 3283 τῆς
850 3194 1028 3284 Ῥωμανίας
1050 3195 1203 3281 Ἰακύβυυ
1226 3195 1323 3266 λύπα-

62 3322 232 3407 λισταρίου,
258 3329 313 3407 τῆς
338 3317 433 3400 ἁγίας
457 3321 622 3406 βασιλείας
645 3324 806 3407 νυταρίοο,
830 3320 1040 3407 δοθησόμενα
1063 3322 1099 3386 τό
1123 3323 1179 3406 μὲν
1202 3321 1236 3386 ίν
1259 3331 1324 3397 τοῖς

63 3441 202 3533 ῥηθεῖσιν
237 3443 409 3521 αύθόνταις
443 3451 500 3514 καί
534 3448 713 3532 βασιλεῦσι,
751 3449 787 3511 τό
820 3447 857 3511 θλ
891 3444 1001 3534 ἕτερον
1035 3448 1078 3532 τιβ
1113 3447 1324 3536 όιαληρθόντι

61 3569 141 3657 κυριρ
169 3569 413 3657 ἁποκριυιαρίιρ.
450 3567 550 3657 όνπερ
578 3571 618 3658 θη
649 3566 812 3636 αὐθεντῶν
846 3575 902 3636 καί
930 3571 1085 3655 βασιλέων
1109 3569 1260 3657 ύκύτερος
1283 3567 1325 3637 δι’

62 3695 171 3762 ίαυτοῦ
194 3709 234 3784 τῇ
258 3695 363 3782 οἰκεία
385 3701 468 3784 χειρί
491 3695 635 3782 όρυθροῖς
663 3697 840 3783 βασιλικοῖς
868 3693 1051 3786 ότίγραψαν
1082 3701 1247 3786 γράμμασι
1268 3701 1327 3764 καί

62 3830 176 3909 χρυσῆς
204 3822 374 3908 βασιλικης
401 3821 538 3908 βούλλης
567 3818 800 3908 όιπηωρημίνης
826 3822 1032 3908 όπεκύρωσαν
1061 3823 1240 3906 βεβαιιύσει.
1266 3828 1322 3904 γό-

62 3964 147 4024 γονεν
171 3942 203 4008 όν
226 3955 265 4032 τη
291 3943 635 4022 Κωνσταντινουιιόλει,
661 3942 694 4009 όν
717 3946 760 4031 τῷ
775 3942 847 4031 ἱερῷ
871 3955 931 4011 τῦν
954 3944 1146 4033 Βλαχερνῦν
1169 3947 1324 4034 παλατίιρ,

63 4069 120 4133 ότει
148 4077 204 4156 τῆς
232 4077 387 4156 κυριακῆς
421 4071 599 4156 γεννήσεως
634 4067 787 4156 χιλιοστῷ
820 4071 1050 4156 τριακοσιοσπιβ
1076 4069 1326 4158 τεσσαρακοστῷ

63 4192 187 4278 όννότιρ,
208 4192 403 4266 ίνθικτιῦνος
426 4197 542 4281 τρίτης,
570 4189 676 4280 ἡμίρη
703 4189 800 4279 ύνὰτη
828 4201 884 4258 τού
909 4195 1093 4279 σεπτεβρίου
1117 4195 1231 4281 μηνός,
1254 4197 1325 4280 περί

63 4317 112 4402 τὴν
135 4315 248 4404 ἰνὰτην
272 4313 372 4401 θύραν,
400 4319 561 4402 παρόντων
590 4319 754 4404 μαρτύρων
783 4324 838 4381 τού
866 4337 899 4382 τε
929 4325 1027 4404 κυρού
1050 4317 1150 4402 Θωμᾱ
1173 4327 1228 4384 τοῦ
1253 4315 1324 4386 Πα-

62 4441 244 4522 λαιολόγυυ,
271 4441 538 4528 πρωτοσέβαστοῦ
561 4451 616 4508 τού
643 4439 851 4519 Καλοθότου,
887 4449 1040 4528 μυστικοῦ
1067 4449 1122 4505 τοῦ
1150 4441 1323 4529 Κιννὰμου,

64 4563 223 4632 Νικολάου
250 4565 387 4653 Σιγηροῦ
416 4575 471 4632 τού
501 4567 642 4653 μεγὰλοο
672 4565 899 4652 θιερμηνεοτοῦ
927 4567 982 4629 καί
1004 4563 1148 4642 Ἀλεξίου
1172 4573 1227 4632 τοῦ
1249 4564 1322 4634 Δοί-

23 4777 24 4788 ρ
66 4709 157 4776 σκαρι
171 4689 403 4778 θιερμηνευτού,
427 4699 525 4777 κυρού
541 4687 682 4778 Μαρίνυο
698 4689 827 4776 Βιοίροο,
852 4689 1015 4776 μαῖούλοο,
1040 4700 1138 4776 κοροῦ
1158 4689 1324 4758 Νικολάου

53 4811 228 4900 «Συγγίλου,
250 4813 476 4906 κυνσελιερίου,
504 4821 602 4904 κυροῖ
617 4813 761 4884 Ἰωάννου
776 4793 975 4896 θύανολῖίου,
998 4815 1217 4906 κονσιλιιρῖου,
1232 4814 1322 4908 Bap-
