3132 5268
240 343 304 410 lez

236 537 327 604 ἔσται
350 541 407 602 καί
430 535 509 602 εἶναι
532 539 680 616 νοείσθω,
705 541 823 624 γραιρὲν
847 539 882 602 τό
906 536 1070 623 εἰρημένον
1094 537 1288 622 συμβόλαιον
1312 536 1377 602 ἔτει
1400 537 1497 623 χιλιο-

235 661 298 746 στιρ
332 660 562 746 τριακοσιοστῖρ
595 661 843 746 τεσσαρακοστῷ
872 665 979 744 τρίτῳ,
1015 656 1121 746 ἡμέρη
1155 660 1285 748 εἰκοστῇ
1309 665 1417 747 πρώτη
1449 671 1497 726 τού

237 781 413 866 αύγούστου
436 793 492 870 τῆς
512 784 552 848 ια’
581 783 775 858 ἰνδικτιωνος
807 789 891 870 χειρί
913 783 1035 868 Πέτρου
1062 787 1112 848 ντέ
1136 781 1265 869 Ἀρένα,
1288 787 1499 870 πρεσβυτέρου

236 918 292 996 τῆς
323 907 498 996 ἐκκλησίας
523 913 580 974 καί
608 917 663 974 τού
692 905 785 990 ἁγίου
810 907 1064 994 Βαρδολομαίου
1092 905 1123 972 ἐν
1151 919 1189 994 τη
1215 907 1349 992 Βενετίιρ
1371 914 1428 974 καὶ
1450 931 1499 974 νο-

237 1039 345 1120 ταρίου
379 1032 529 1106 Βενετίας
564 1036 621 1097 καί
647 1033 876 1117 καντζελαρίου
904 1041 959 1096 τού
987 1039 1084 1117 κυρού
1113 1032 1289 1117 μπαῖούλου
1317 1043 1378 1098 τῶν
1407 1033 1438 1098 ὲν
1466 1045 1499 1120 τη

237 1156 568 1224 Κωνσταντινυυπόλει
593 1155 783 1234 Βενετίκων,
819 1153 895 1242 ύπὲρ
922 1153 965 1222 ιύν
988 1165 1113 1242 χρυσῶν
1146 1157 1310 1222 δουκάτων
1336 1161 1500 1244 τριάκοντα

237 1282 391 1368 χιλιάδων
425 1278 482 1346 καὶ
516 1279 630 1365 ἑτέρων
661 1291 722 1346 τῶν
755 1277 988 1367 προειρημένων
1023 1277 1054 1345 ἰν
1082 1279 1124 1366 tq}
1154 1275 1285 1368 ῥηθέντι
1321 1284 1499 1368 συμβολαίιρ

124 1495 138 1508 Α
236 1401 542 1490 διαλαμβανομένων
570 1401 588 1468 ό
614 1413 673 1489 κύρ
707 1405 782 1480 δούξ
815 1408 870 1468 καί
899 1405 934 1468 τύ
969 1405 1157 1488 κουμούνιον
1192 1403 1341 1479 Βενετίας
1378 1405 1499 1492 ἔχουσιν

237 1528 281 1603 εἰς
313 1527 448 1616 ένέχυρα
481 1533 602 1614 κόσμια
633 1537 688 1616 της
723 1529 889 1612 βασιλείας
912 1530 951 1592 τοί
977 1525 1229 1614 ἐμπεριεχόμενα
1253 1526 1285 1595 έν
1309 1528 1352 1616 τιρ
1375 1525 1501 1618 ῥηθέντι

238 1655 437 1741 σομβολαίιρ,
472 1657 529 1718 καὶ
557 1651 744 1740 σωζομένων
772 1650 823 1718 ἀεὶ
849 1656 905 1718 καί
937 1649 1135 1738 τηρουμένων
1159 1651 1202 1738 τιρ
1223 1653 1311 1739 κυρῴ
1336 1654 1429 1718 δοοιιί
1450 1658 1502 1718 καί

238 1779 280 1866 τῷ
308 1784 486 1866 κουμουνίιρ
516 1779 665 1852 Βενετίας
702 1775 860 1864 ἀκεραίως
890 1779 1013 1842 πάντων
1043 1787 1104 1842 τῶν
1127 1779 1259 1844 δικαίων
1282 1783 1339 1845 καὶ
1363 1777 1500 1860 ἀγωγῶν,

238 1904 322 1990 ἀδὴ
349 1907 406 1968 καί
433 1903 472 1978 ἃς
500 1899 517 1968 ό
546 1911 606 1988 κύρ
633 1903 709 1978 δούί
736 1906 792 1966 καί
825 1903 861 1966 τό
892 1902 1081 1986 κουμούνιον
1111 1899 1262 1976 Βενετίας
1298 1902 1428 1990 έχουσιν
1451 1909 1502 1969 καί

237 2027 324 2114 ἔχειν
359 2027 508 2092 δύνανται
541 2029 627 2092 κατὰ
661 2037 717 2114 τῆς
752 2025 917 2110 βασιλείας
955 2021 1043 2112 ἡμῶν
1079 2029 1149 2110 περί
1183 2026 1347 2092 δουκοίτων
1383 2039 1502 2115 χρυσῶν

238 2148 358 2234 [πέντε]
394 2151 549 2237 χιλιάδων
585 2161 645 2215 των
682 2147 914 2216 δανεισθένιων
943 2160 982 2236 τη
1014 2149 1163 2233 βασιλεία
1192 2146 1280 2236 ἡμῶν
1305 2149 1337 2216 ἐν
1361 2164 1400 2239 τη
1423 2152 1502 2236 Αἰνιρ

235 2277 292 2339 διό
315 2295 398 2348 τινος
422 2274 479 2361 σύρ
506 2273 648 2360 Μαρίνου
679 2272 847 2360 Φαρέτρου
875 2271 1008 2360 δνύματι
1033 2284 1088 2340 τού
1112 2283 1210 2361 κυρού
1235 2276 1352 2351 δοοκός
1376 2282 1432 2343 καί
1454 2285 1505 2342 τού

237 2403 428 2486 κουμουνίου
461 2397 624 2477 Βενετίας,
660 2395 737 2485 ύπὲρ
762 2397 803 2464 ύν
828 2397 845 2464 ό
868 2409 927 2485 κύρ
950 2399 1025 2475 δούε
1048 2404 1104 2466 καί
1129 2403 1164 2465 τό
1193 2404 1383 2486 κουμούνιον
1410 2403 1503 2468 Βενε-

238 2529 306 2597 τίας
342 2523 471 2610 ἔχουσιν
505 2522 550 2596 εἰς
585 2521 733 2610 ένέχυρον
769 2520 831 2590 ἀπό
866 2532 922 2610 τῆς
957 2525 1121 2608 βασιλείας
1155 2521 1246 2612 ἡμῶν
1280 2528 1435 2604 παλοίξιον
1465 2529 1505 2605 ἓν,

239 2644 320 2713 ούτω
346 2647 468 2734 μέντοι,
504 2645 552 2713 ότι
579 2645 829 2737 ἀπορληδέντων
853 2658 912 2712 τῶν
945 2646 1115 2734 εἰρημένων
1137 2647 1230 2714 πέντε
1255 2651 1409 2737 χιλιάδων
1432 2655 1504 2718 δου-

237 2776 343 2838 κάτων
366 2783 490 2860 χρυσῶν
513 2772 556 2858 τῷ
581 2771 667 2860 κυρῷ
688 2773 780 2838 δουκί
803 2777 859 2838 καί
883 2771 925 2858 τῷ
946 2779 1125 2860 κουμουνίιρ
1149 2774 1298 2850 Βενετίας
1326 2776 1503 2866 ἐνεχέσθω-

238 2915 298 2962 σαν
325 2899 360 2962 τό
396 2895 560 2984 εἰρημένον
594 2897 747 2973 παλύξιον
778 2908 817 2982 τη
844 2892 984 2982 ἡμετέρη
1018 2898 1167 2982 βασιλεία
1202 2895 1387 2968 ἀποδοῦναι.
1417 2902 1463 2966 ἔτι
1489 2899 1504 2966 ό

237 3019 404 3109 εἰρημένος
441 3030 500 3108 κύρ
539 3019 795 3108 ἀποκρισιοίριος,
835 3022 979 3095 σύνδικος
1016 3027 1073 3086 καὶ
1113 3021 1277 3110 ἐπίτροπος
1316 3036 1371 3092 τοῦ
1410 3036 1504 3114 κορού

237 3148 354 3220 δοοκύς
388 3149 444 3210 καί
471 3153 525 3210 τού
556 3149 746 3231 κουμουνίου
774 3144 923 3217 Βενετίας
957 3146 1010 3210 διὰ
1045 3154 1100 3232 τῆς
1126 3151 1289 3236 παρούσης
1325 3157 1504 3240 συμφωνίας

238 3276 294 3338 καί
324 3270 437 3357 τρίβος
466 3268 608 3359 ἀφίησιν,
644 3267 810 3355 ἀνατρέπει
841 3273 898 3334 καί
921 3271 1075 3336 καταλύει
1101 3277 1207 3346 πάσας
1230 3279 1344 3341 τεεκαί
1367 3274 1504 3349 ἑκάστας

238 3399 294 3469 τὰς
319 3378 424 3468 Ιόίλλας
460 3393 601 3472 ἀδικίας,
637 3395 817 3480 βαρύτητας
847 3397 904 3458 καί
935 3398 1050 3480 ζημίας
1081 3399 1137 3469 τὰς
1168 3394 1401 3485 ἐπενεχθείσας
1434 3396 1504 3486 παρ’

238 3518 328 3608 ἡμῶν
362 3523 417 3585 καὶ
451 3527 507 3607 της
543 3519 708 3603 βασιλείας
742 3514 830 3605 ἡμῶν
865 3523 921 3584 καί
948 3529 1007 3585 τῶν
1038 3520 1123 3586 λαῶν
1158 3526 1215 3588 καί
1249 3520 1505 3613 ὑποτεταγμένων

237 3641 311 3730 ἡμῖν
342 3655 405 3716 τοῖς
434 3641 616 3715 Βενετίκοις
642 3645 699 3708 καί
725 3653 846 3714 πιστοῖς
869 3650 923 3706 τού
947 3651 1043 3728 κυρού
1067 3644 1183 3719 δουκός
1206 3650 1263 3712 καί
1287 3658 1342 3713 τού
1366 3672 1505 3737 κουμου-

239 3772 306 3832 νίου
328 3765 475 3840 Βενετίας
498 3764 559 3839 ἕως
583 3775 638 3853 τῆς
663 3769 799 3852 σήμερον
822 3762 959 3852 ἡμέρας,
995 3763 1171 3854 ἐλευθερῶν
1198 3773 1255 3835 καί
1282 3769 1429 3838 ἀπολύων
1452 3777 1505 3839 καί

239 3890 430 3978 έλεοδέρους
453 3895 509 3956 καί
533 3888 786 3976 ἀπολελυμένους
815 3887 859 3962 εἰς
882 3892 917 3954 τό
942 3891 1086 3977 διηνεκὲς
1111 3890 1190 3957 εἶναι
1212 3893 1318 3960 δόλων
1342 3894 1428 3986 ημᾶς
1451 3902 1506 3964 κούΙ

238 4020 293 4105 την
330 4018 494 4101 βασιλείαν
528 4013 617 4103 ἡμῶν
651 4019 707 4080 καί
741 4015 814 4087 τούς
842 4015 940 4090 λαούς
973 4011 1061 4103 ἡμῶν
1090 4021 1143 4084 καί
1179 4020 1252 4094 τούς
1286 4024 1505 4111 κληρονόμους

239 4146 295 4208 καί
329 4141 503 4226 διαδόχους
536 4136 624 4227 ἡμῶν
660 4136 721 4204 ἀπό
757 4149 816 4204 των
840 4137 1012 4226 εἰρημένων
1047 4139 1192 4224 ἀδικιῶν,
1229 4149 1350 4231 ζημιῶν
1386 4171 1419 4213 ιε
1450 4153 1506 4215 καὶ

238 4271 494 4353 προσκομμάτων
522 4275 581 4330 των
609 4261 844 4350 ἐπενεχθέντων
876 4262 933 4328 καί
956 4263 1131 4350 γενομένων
1158 4273 1244 4353 παρὰ
1275 4281 1334 4335 τῶν
1361 4294 1507 4362 προηγη-

241 4389 385 4476 σαμένων
410 4387 495 4477 ἡμᾶς
523 4393 579 4456 καί
613 4399 673 4453 τιῑιν
696 4389 782 4453 λαιῑιν
809 4398 869 4452 τῶν
903 4383 1161 4475 ύποτεταγμένων
1187 4390 1260 4481 ἡμῖν
1292 4401 1348 4461 καὶ
1372 4409 1427 4486 τῆς
1452 4401 1509 4484 βα.

241 4513 363 4587 σιλείας
392 4511 481 4601 ἡμῶν
512 4512 568 4580 καὶ
593 4511 681 4588 ἰδίως
708 4515 777 4598 περὶ
808 4509 935 4576 ἐκείνων
963 4522 1024 4577 τῶν
1058 4513 1100 4600 τῷ
1132 4519 1219 4604 κυρηί
1251 4519 1343 4585 δουκί
1378 4527 1434 4588 καί
1469 4523 1511 4611 τιρ

242 4644 419 4726 κουμουνίιρ
443 4637 591 4713 Βενετίας
624 4641 681 4704 καί
710 4649 774 4710 τοῖς
807 4637 952 4710 πολίταις
980 4637 1161 4715 Βενετίκοις
1189 4643 1428 4732 ἐπενεχθέντων
1453 4654 1509 4714 καί

241 4767 416 4844 γεγονότων
450 4761 483 4828 ἐν
517 4764 561 4850 τῷ
585 4761 687 4846 καιρῷ
717 4769 773 4826 τού
801 4768 856 4846 τῆς
884 4766 1046 4847 μακαρίας
1080 4767 1135 4828 καί
1169 4763 1345 4858 όσιωτύτης
1381 4775 1508 4862 μνήμης
