3132 5268
1226 347 1288 411 221

37 537 66 622 δι’,
97 541 152 602 παί
188 537 227 610 ἃς
255 534 273 602 ύ
306 545 364 624 πῦρ
399 537 473 616 ῦούζ
507 541 562 604 παί
599 541 634 604 τῦ
669 539 858 626 πουμούνιυν
884 537 1035 614 Βενετίας
1071 537 1201 624 ἔχουσιν
1234 542 1294 605 πεί

36 661 110 745 ἔχειν
151 660 304 728 ῦῦνανται
343 657 433 747 ἡμῶν
469 665 555 726 πατὰ
597 671 653 749 της
691 663 858 745 βασιλείας
894 658 984 749 ἠμὸν
1020 664 1091 748 περί
1126 661 1291 728 ῦυοπιίτεεν

36 797 145 872 γρυσῦν
183 791 277 851 πίντε
311 787 466 872 χιλιάδων
501 797 560 852 των
595 788 827 855 ῦανεισύίντων
866 799 905 874 τη
944 788 1093 872 βασιλεία
1128 783 1219 875 ἡμῶν
1257 784 1292 851 ἄν

35 907 173 994 τρλῖνιρ
202 910 256 974 ῦιτί
284 930 367 984 τινος
395 909 452 995 σύρ
479 907 623 996 Μαρίποο
650 909 818 996 Φαρίτροο
845 907 977 996 ὀνόματι
1003 917 1059 974 τοῦ
1087 917 1187 996 πυροῦ
1214 909 1292 974 ύοο-

35 1037 81 1105 πίς
112 1032 172 1099 παὶ
205 1042 260 1100 τοῦ
298 1039 489 1120 ποομοονίοο
522 1033 687 1112 Βενετίας,
723 1031 800 1120 ύπίρ
833 1031 876 1100 &v
910 1031 928 1099 ὁ
961 1043 1021 1120 πῦρ
1055 1035 1130 1110 zoae
1163 1033 1223 1100 παί
1256 1037 1293 1101 τύ

35 1159 212 1241 ιυυμούνιον
234 1155 383 1232 Βενετίας
406 1157 537 1244 ίχοοσιν
570 1157 617 1232 είς
652 1159 804 1244 ίνίχορυν
827 1155 890 1224 ἀπὸ
924 1167 980 1244 τῆς
1015 1158 1180 1242 βασιλείας
1202 1155 1294 1246 ἡμῶν

34 1281 176 1356 ταλίξιυν
212 1281 260 1358 ίν,
295 1275 377 1346 ούτω
401 1285 521 1366 μίντοι,
558 1277 607 1346 ὅτι
634 1277 885 1370 ἀπορληύίντων
919 1292 979 1346 τῦν
1007 1279 1179 1369 εὶρημίνεεν
1201 1286 1294 1348 πίντε

34 1405 178 1490 χιλιάδων
207 1413 334 1490 χρυσοῦν
361 1404 525 1470 ῦοοπύτων
556 1404 600 1490 τῷ
626 1407 713 1491 πυρῷ
738 1403 830 1470 ῦοοπί
855 1407 912 1468 παί
940 1402 984 1491 τῷ
1017 1409 1196 1492 ποομουνίιρ
1230 1405 1294 1472 B·-

33 1527 127 1596 νιτίαι
162 1529 390 1614 ίνεχίσύωοαν
427 1531 464 1594 τῦ
499 1527 663 1616 είρημίνον
700 1528 853 1603 παλύξιυν
891 1539 931 1614 τη
967 1524 1109 1614 ἡμετίρα
1146 1529 1296 1614 βασιλεία

33 1651 208 1718 ύποῦοῦναι
245 1652 292 1718 ἔτι
320 1650 338 1718 ὁ
365 1652 531 1740 είρημίνυς
565 1653 740 1738 μπιιίοῦλυς
775 1659 830 1717 τοῦ
863 1659 963 1738 πυροῦ
997 1651 1114 1726 ῦουπῦς
1147 1657 1204 1718 παί
1238 1661 1294 1718 τοῦ

32 1782 214 1861 πυυμυονίοο
240 1775 392 1850 Βανετίας
419 1776 472 1842 διὰ
500 1785 557 1862 τῆς
585 1777 748 1862 παρούσης
773 1781 956 1864 ουμρωνίας
978 1779 1035 1841 παί
1058 1777 1171 1862 τρίβας
1194 1774 1294 1865 ἀφίη-

33 1921 86 1978 σιν,
115 1898 284 1985 ἀνατρίπει
306 1904 363 1964 παί
389 1901 544 1968 παταλύει
570 1905 677 1973 πασας
704 1923 738 1964 τε
765 1904 821 1964 παί
845 1898 985 1972 ίπιίστας
1013 1904 1071 1973 τὰς
1093 1899 1196 1974 ἄλλας
1220 1897 1295 1966 ιἰύι·

32 2027 110 2100 πίας,
146 2024 327 2110 βαρύτητας
355 2027 412 2088 παί
447 2026 564 2110 ζημίας
591 2026 648 2096 τὰς
677 2019 910 2108 ἐπενεχθείσας
935 2019 1009 2106 παρ’
1038 2017 1127 2107 ἡμῶν
1154 2025 1211 2088 παί
1237 2031 1296 2108 της

33 2147 190 2225 βασιλείας
217 2141 306 2233 ἡμῶν
333 2150 390 2212 παί
417 2157 478 2210 τῶν
501 2147 588 2212 λαῦν
615 2155 675 2210 τῦν
699 2141 958 2231 ύποτεταγρίνων
981 2142 1055 2232 ἡμίν
1079 2155 1142 2219 τοῖς
1164 2143 1294 2212 Βενετί-

31 2289 93 2342 ποις
115 2274 173 2336 παί
195 2279 318 2342 πιστοῖς
341 2272 396 2336 τοῦ
419 2278 520 2354 πυροῦ
547 2269 663 2342 ῦοοπῦς
685 2272 742 2334 παί
764 2278 819 2334 τοῦ
842 2273 1033 2354 πυυμυονίοο
1056 2267 1207 2341 Βενετίας
1233 2265 1295 2341 ίως

32 2401 79 2477 τῆς
108 2397 249 2479 σήμερον
276 2389 415 2480 ἡμίρας,
450 2391 628 2478 ίλευίλερῦν
661 2395 717 2458 ποί
753 2390 899 2457 ἀπολύων
933 2395 990 2456 παί
1017 2389 1207 2478 ίλεοθίρους
1238 2393 1296 2456 παί

31 2513 280 2603 ἀπολελυμένους
309 2515 353 2590 τίς
380 2520 416 2584 τύ
444 2518 590 2603 διηνεπίς
620 2513 699 2582 εἶναι
730 2515 837 2582 θίλιυν
867 2512 954 2603 ἡμᾶς
976 2539 1011 2581 τε
1037 2519 1094 2580 παὶ
1119 2517 1175 2603 τήν
1199 2517 1297 2600 βασι-

31 2639 112 2704 λείαν
138 2637 229 2728 ἡμῶν
257 2644 314 2706 παί
341 2641 414 2714 τούς
437 2641 536 2714 λαούς
557 2637 648 2727 ἡμῶν
669 2644 726 2705 παί
749 2641 822 2716 τούς
845 2641 1065 2726 πληρονῦμους
1095 2645 1151 2706 παί
1182 2639 1295 2712 διαδύ-

31 2785 103 2848 Ιρους
124 2761 215 2851 ἡμῶν
239 2762 302 2830 ἀπὸ
326 2775 387 2830 τῶν
410 2763 580 2851 είρημίνων
606 2762 753 2841 ιἰῦιπιῦν,
789 2768 909 2851 ζημιῦν
940 2786 974 2828 τι
1001 2768 1058 2830 παί
1082 2767 1296 2850 προοπομμιίι-

31 2911 83 2953 ιειν
118 2899 179 2954 τῶν
218 2887 454 2975 ἔπινεχύίντειν
491 2893 549 2952 παί
586 2891 761 2974 τινυμίνων
799 2891 886 2973 παρὰ
923 2897 983 2954 τῶν
1021 2891 1295 2974 προητησαμίνων

30 3009 106 3098 ἡμᾶς
130 3019 189 3080 παὶ
211 3023 271 3078 τῶν
295 3015 382 3078 λαῶν
405 3023 466 3078 τῶν
490 3007 748 3097 ὑποτεταγμένων
771 3009 844 3096 ἡμῖν
867 3016 924 3076 παί
946 3021 1002 3098 της
1024 3011 1188 3096 βασιλείας
1203 3007 1294 3098 ἡρπῦν

30 3142 79 3202 παί
98 3137 189 3212 ἰδίως
212 3143 284 3223 περί
307 3135 437 3202 ἐπείνων
460 3147 520 3200 τιῦν
545 3137 578 3200 ίν
601 3135 644 3220 τῷ
665 3138 750 3220 πυρῷ
771 3133 864 3199 δουπὶ
887 3139 943 3199 παί
965 3133 1009 3220 τῷ
1031 3139 1213 3220 πουμοονίιρ
1236 3135 1298 3202 Βε·

31 3267 128 3335 νειίας
155 3265 213 3326 παὶ
240 3272 305 3334 τοῖς
331 3261 477 3334 πολίταις
504 3259 685 3332 Βενιτίποις
714 3257 953 3344 ἐπενεχθίντων
983 3263 1040 3323 παί
1063 3261 1238 3338 γεγονότων
1263 3256 1296 3322 ίν

31 3386 69 3470 τῷ
90 3387 195 3470 παιριβ
223 3393 278 3450 τοῦ
306 3395 362 3472 της
392 3388 552 3470 μαπαρίας
581 3387 637 3446 παί
664 3381 839 3469 ὁσιωτύτης
863 3385 990 3469 μνήμης
1011 3389 1110 3467 πυροῦ
1132 3380 1297 3467 Ἀνδρονί-

29 3529 98 3587 αοο,
129 3507 161 3574 ύν
184 3509 311 3596 Χριστῷ
337 3508 381 3592 περ’
415 3509 484 3594 θεῷ
515 3517 627 3574 πιστοῦ
663 3508 820 3591 βασιλίως
854 3511 911 3572 παί
945 3503 1182 3592 αότοπρυίτορος
1216 3501 1295 3572 Ῥωέ

29 3638 139 3716 μαίων,
154 3631 230 3700 ’τοῦ
260 3633 503 3712 Παλαιολῦρυο,
538 3641 593 3696 τοῦ
628 3635 720 3698 βείου
744 3641 799 3718 της
835 3631 1000 3716 βασιλείας
1025 3653 1095 3718 μου,
1128 3639 1295 3704 ποιοῦντος

27 3753 96 3842 ἡμῖν
120 3761 177 3822 παί
201 3767 241 3843 τῇ
267 3751 410 3843 ἡμετίρα·
436 3756 584 3840 βασιλείᾳ
606 3763 662 3820 τοῦ
685 3753 852 3841 είρημίνοο
882 3755 1060 3840 μπαῑοιίλου
1084 3753 1217 3841 ῦνύρατι
1239 3757 1296 3820 παί

27 3879 142 3964 ῦιπαίιρ
164 3887 220 3946 τοῦ
245 3878 411 3967 ιίρημίνου
431 3887 533 3964 πυροῦ
557 3879 673 3952 δυοπύς
699 3882 756 3942 παί
778 3887 833 3943 τοῦ
856 3883 1047 3964 πυυμυονίοο
1070 3877 1220 3952 Βενετίας
1242 3877 1297 3941 δε·

27 4007 178 4088 χομίνοις
200 4007 257 4068 παί
280 4003 481 4088 λαμβάνουσι
503 4001 609 4077 τίλος,
645 3999 850 4086 ίλεούερίαν,
885 3997 1057 4087 ύαύσχεσιν
1084 4005 1141 4064 παί
1165 4021 1296 4088 συμριυ·

27 4132 109 4204 νίαν,
145 4123 229 4190 ύοτε
253 4124 297 4198 τίς
321 4127 356 4189 τύ
380 4123 453 4211 ύζης
476 4126 519 4212 μη
545 4123 685 4190 ἀπαιτεῖν
707 4121 728 4210 ἢ
753 4124 959 4210 μνημονεύειν
980 4127 1053 4208 περί
1083 4133 1143 4186 τῦν
1166 4123 1296 4210 είρημί-

27 4269 84 4312 νων
99 4253 180 4335 πρὸς
194 4246 281 4336 ἡμᾶς
304 4253 360 4314 παί
382 4250 438 4334 την
462 4249 626 4332 βασιλείαν
642 4245 741 4334 ἡμῶν,
766 4249 838 4320 τούς
853 4269 887 4310 τε
910 4247 1129 4334 πληρυνόμοος
1151 4251 1208 4311 παί
1223 4247 1297 4311 δια-

28 4372 145 4460 δόχους
172 4369 273 4460 ἡμῶν·
302 4377 358 4440 παί
386 4371 504 4460 ὁμοίως
527 4368 544 4435 ὁ
569 4371 718 4455 βασιλιύς
740 4374 797 4434 παί
819 4367 839 4456 ἡ
865 4371 1012 4454 βασιλεία
1034 4367 1122 4457 ἡμῶν
1146 4366 1186 4434 δι’
1209 4365 1298 4456 ἡμῶν

27 4502 167 4562 καὶτῶν
194 4497 403 4584 πληρονῦμων
430 4501 487 4560 παί
513 4495 676 4579 ῦιαῦύχων
702 4490 791 4580 ἡμῶν
816 4491 949 4580 ἀφίεμεν
980 4494 1033 4558 διὰ
1056 4501 1112 4579 τῆς
1134 4495 1298 4580 παρούσης

28 4625 211 4710 συμφωνίας
233 4626 289 4686 παί
312 4621 441 4706 τρίβος,
477 4615 655 4704 ἀποροῦμεν
682 4621 738 4681 παί
766 4613 982 4702 ἀνατρίπομεν
1009 4621 1066 4681 παί
1096 4618 1298 4703 πατπλύομεν

28 4750 133 4818 παίσας
151 4767 189 4838 τε
213 4748 270 4810 παὶ
293 4741 434 4818 ἓπυίστας
457 4745 513 4814 τὰς
543 4739 644 4813 ἄλλας
669 4738 796 4812 ᾰῦιπίας
818 4743 874 4804 παί
898 4741 1076 4828 βαρύτητας
1104 4744 1160 4804 παί
1184 4745 1300 4826 ζημίας
