3182 5264
228 307 268 370 14

225 499 380 586 δηλοῦται
415 502 454 564 τὰ
487 503 556 584 τερί
592 499 712 564 τούτου.
749 497 818 564 έτεὶ
855 499 890 562 δέ
928 500 987 583 πρὸ
1021 505 1136 582 καιρού
1175 495 1229 560 διά
1267 515 1354 568 τινας
1395 491 1507 566 αἰτίας

224 620 387 712 ἠθέλησεν
416 619 436 709 η
467 623 614 706 βασιλεύοι
646 646 706 709 μου
745 621 959 709 ἐναλλαγηναι
998 619 1102 694 αὐτοῖς
1138 621 1211 693 τούς
1245 621 1407 693 τοιούτους
1445 621 1506 684 τό-

226 769 305 820 πους
333 750 389 810 καί
416 747 555 832 δοθῆναι
590 744 695 820 αὐτοῖς
725 745 792 812 ἀντὶ
827 748 942 812 τούτων
977 744 1102 829 ἑτέρους
1139 743 1171 808 έν
1206 755 1271 817 τοῖς
1304 747 1404 830 τέραν
1443 748 1507 828 μέ-

226 891 310 956 ρεσιν
347 869 476 956 ἀντικρύ
505 879 560 956 της
590 869 861 950 Μεγαλοσόλευνς,
901 868 931 934 οἱ
965 870 1000 934 δὲ
1039 871 1273 954 προσελθόντες
1312 867 1508 955 ἐδεήθησαν

226 1004 282 1080 τῆς
318 995 486 1077 βασιλείας
521 1016 596 1080 μου,
629 995 672 1083 μή
702 991 783 1058 ούτιυ
811 997 979 1076 γενέσθαι,
1010 990 1079 1056 ἀλλ’
1114 991 1193 1058 εἶναι
1224 989 1338 1066 αύτούς
1375 991 1407 1057 ἐν
1438 1014 1507 1056 κα-

228 1129 310 1206 τοχῇ
342 1115 384 1182 ῶν
417 1117 505 1204 εἶχον
536 1122 592 1182 καὶ
622 1121 786 1204 πρότερον,
824 1114 997 1204 εὐδόκησεν
1020 1113 1040 1202 ἡ
1065 1117 1216 1200 βασιλεία
1244 1137 1305 1200 μου
1334 1111 1416 1180 ούτω
1447 1136 1508 1194 γε-

226 1245 354 1308 νέσθαι.
394 1246 450 1306 καί
486 1241 552 1306 ἐπεὶ
590 1240 720 1328 ἐδέησεν
759 1237 855 1326 ὅρκον
891 1243 1046 1320 γενέσθαι
1080 1237 1153 1325 παρ’
1190 1237 1293 1306 οιύτῶν
1328 1241 1407 1325 σρύς
1447 1241 1509 1326 τήν

229 1367 395 1450 βασιλείαν
420 1388 480 1451 μου
503 1369 597 1452 χάριν
621 1375 677 1453 τῆς
700 1367 849 1452 τοιαύτης
866 1362 1062 1442 ὑποθέσεως,
1088 1363 1330 1448 έιτιβεβοιιούντα
1347 1365 1403 1450 τὴν
1420 1385 1508 1449 κρο-

228 1494 321 1576 τέραν
358 1495 540 1578 συμφωνίαν
576 1493 632 1554 καὶ
667 1489 739 1564 τούς
763 1486 878 1574 ὅρκους
902 1486 1020 1568 αὐτῶν,
1055 1491 1111 1552 καὶ
1136 1491 1243 1573 μέντοι
1274 1486 1331 1552 καὶ
1353 1489 1509 1552 καταλα-

228 1615 337 1700 βόντες
352 1616 431 1700 πρὸς
447 1615 502 1699 τήν
519 1613 684 1696 βασιλείαν
702 1635 762 1699 μου
783 1611 1019 1698 ἀποκρισιάριοι
1043 1609 1105 1676 ἀπὸ
1130 1621 1186 1698 τῆς
1210 1613 1358 1698 τοιαύτης
1383 1615 1510 1698 χώρας,

228 1735 303 1802 ὅτε
329 1742 541 1810 συνετώτατος
568 1739 742 1808 κόνσουλος
771 1747 826 1824 τῆς
850 1738 997 1822 τοιαύτης
1031 1739 1137 1822 χώρας
1169 1733 1342 1822 Ἀλιτέρτος
1366 1741 1422 1800 καί
1448 1736 1510 1802 σύν

230 1859 314 1948 αύτιρ
337 1860 355 1927 ὁ
379 1865 488 1950 κριτὴς
514 1862 742 1950 Βουργούντιος
770 1865 826 1925 καὶ
849 1859 866 1926 ὁ
890 1865 994 1947 κόμης
1017 1858 1166 1944 Μάρκος,
1201 1857 1391 1949 ἐποιήσαντο
1427 1863 1512 1948 πρὸς

229 1989 285 2074 τήν
311 1987 476 2072 βασιλείαν
509 2009 569 2073 μου
593 1985 610 2052 ό
636 1990 692 2072 μὲν
719 1985 894 2056 κόνσουλος
917 1987 970 2048 τόν
993 1983 1266 2070 δηλυθησόμενον
1302 1981 1398 2071 ὅρκον
1422 1982 1511 2050 ούτω

230 2115 316 2178 κατὰ
352 2105 438 2197 ῥῆμα
474 2111 746 2194 διαλαμβάνοντα·
771 2105 834 2188 ἐγὼ
858 2105 875 2172 ὁ
898 2108 1073 2180 κόνσουλος
1096 2116 1152 2196 τῆς
1183 2105 1308 2196 Πίσσης
1331 2107 1511 2195 Ἀλιιέρτος

231 2235 422 2306 ἀποσταλεὶς
444 2231 506 2299 ἀπὸ
527 2241 583 2320 τῆς
599 2236 707 2319 χώρας
730 2241 785 2318 τῆς
809 2229 933 2318 Πέσσης
958 2229 1196 2316 ἀποκρισιάριος
1218 2233 1295 2316 πρὸς
1319 2234 1373 2296 τόν
1396 2235 1511 2319 κύριον

228 2357 332 2446 ἡμῶν,
368 2361 421 2426 τόν
457 2357 593 2441 βασιλέα
617 2355 980 2428 Κωνσταντινουπόλειυς
1007 2358 1063 2418 καὶ
1089 2357 1194 2442 πάσης
1219 2352 1415 2442 Ῥωμανίας,
1452 2360 1511 2421 τὸν

229 2486 522 2574 τορφυρογέννητον
556 2489 644 2564 κύριν
679 2477 833 2566 Μανοοηλ
866 2481 918 2542 τόν
950 2476 1127 2564 Κομνηνύν,
1164 2476 1268 2565 ύμνύιυ
1304 2477 1337 2554 ἐξ
1371 2478 1511 2566 ὁρισμοῦ

229 2608 286 2674 καὶ
310 2607 477 2694 θελήσειας
501 2611 555 2668 τού
579 2625 612 2668 τε
637 2600 887 2690 ἀρχιετισκόπου
910 2599 1014 2690 ημῶν,
1047 2612 1107 2668 τῶν
1134 2602 1330 2681 κονσούλιυν,
1359 2613 1419 2669 τῶν
1450 2627 1508 2668 σε-

230 2737 376 2818 ναιῶρυν
399 2733 456 2794 καὶ
484 2737 540 2814 τῆς
563 2727 675 2813 λοιπῆς
703 2729 811 2812 χύρας
835 2735 891 2814 τῆς
915 2725 1039 2812 Πέσσης
1063 2727 1115 2789 τόν
1137 2729 1282 2812 παρόντα
1306 2723 1412 2813 όρκον·
1439 2727 1512 2794 ἐπεὶ

231 2859 291 2942 γὰρ
316 2855 432 2940 συνέβη
464 2853 517 2916 διά
545 2871 631 2924 τινας
662 2851 777 2930 λόγους
809 2852 1064 2938 μετακινηθῆναι
1093 2846 1178 2936 ἡμᾶς
1208 2853 1287 2936 πρὸς
1311 2854 1424 2938 μικρὸν
1450 2861 1511 2940 τῆς

232 2981 424 3066 ἐκκλησέας,
449 2984 504 3040 τού
526 2975 667 3062 έμβόλου
690 2978 746 3040 καὶ
770 2984 825 3061 τῆς
849 2977 984 3052 σκάλας,
1010 2972 1090 3060 ἅπερ
1115 2972 1245 3062 εἴχομεν
1270 2973 1302 3040 ἐν
1327 2987 1366 3064 τῇ
1390 2973 1509 3056 Μεγα-

231 3104 378 3180 λοπόλει,
407 3098 451 3190 ῶς
476 3097 707 3164 ἀντιδοθέντιιν
729 3095 803 3186 ἡμῖν
828 3096 1004 3185 ἀντισηκυν
1029 3096 1060 3162 έν
1084 3110 1149 3172 τοῖς
1171 3103 1269 3186 πέραν
1295 3104 1422 3186 μέρεσι,
1452 3110 1511 3166 νύν

232 3229 267 3292 δέ
292 3227 326 3302 ἐξ
348 3223 481 3312 ὁρισμοῦ
505 3231 559 3288 τού
584 3225 740 3307 βασιλέως
764 3221 1027 3308 ἀποκατέστημεν
1051 3221 1097 3296 εἰς
1121 3233 1236 3302 ταύτα,
1269 3221 1349 3309 ἄτερ
1373 3223 1511 3312 εἴχομεν

231 3354 398 3437 πρότερον,
432 3345 485 3412 ἵνα
520 3348 732 3437 φυλάσσοιμεν
766 3344 856 3434 ἡμεῖς
879 3370 912 3412 τε
935 3350 991 3411 καὶ
1013 3342 1033 3433 ἡ
1058 3349 1149 3432 χῶρα
1184 3355 1238 3434 τῆς
1265 3345 1391 3437 Πόσσης
1414 3361 1512 3416 στᾶσα

231 3479 310 3562 πρός
333 3495 367 3538 τε
391 3474 443 3537 τόν
467 3472 657 3558 δηλῶθέντα
683 3475 975 3560 τορφυρογέννητον
998 3475 1054 3536 καὶ
1079 3471 1214 3554 βασιλέα
1237 3480 1326 3558 κύριν
1349 3471 1512 3562 Μονουήλ

232 3601 286 3664 τὸν
321 3596 488 3684 Κομνηνόν
522 3599 579 3660 καί
613 3596 685 3668 τούς
719 3596 937 3681 κληρονόμους
964 3590 1059 3658 αύτού
1087 3599 1143 3660 καὶ
1166 3595 1220 3680 την
1243 3594 1422 3683 Ῥυμανέαν
1447 3601 1509 3688 την

232 3727 335 3787 πίστιν
358 3722 414 3784 καὶ
437 3721 472 3784 τύ
496 3723 602 3804 χρέος,
626 3714 701 3804 ὅπερ
726 3720 899 3806 έχρεῶστει
914 3715 934 3805 ἡ
951 3722 1041 3805 χῶροι
1065 3728 1120 3806 τῆς
1144 3717 1267 3808 Πίσσης
1290 3733 1328 3810 τῇ
1353 3723 1509 3810 βασιλεία

235 3841 333 3912 αύτού
358 3841 420 3908 ἀπὸ
443 3853 503 3908 τῶν
530 3852 761 3926 προγεγονυιῶν
790 3852 973 3930 συμφωνιῶν
1002 3846 1140 3907 καὶτῶν
1164 3839 1266 3928 ὅρκιον
1288 3849 1366 3931 πρός
1390 3869 1424 3910 τε
1451 3851 1509 3914 τὸν

234 3967 380 4056 ἀοίδιμον
415 3967 552 4050 βασιλέα
586 3973 674 4052 κύριν
698 3964 839 4040 Ἀλέξιον
873 3969 925 4029 τόν
960 3964 1127 4052 Κομνηνόν
1150 3969 1206 4030 καὶ
1229 3969 1306 4052 πρὸς
1330 3966 1426 4035 αύτύν
1451 3975 1508 4038 τόν

232 4094 524 4180 τορφορογέννητον
552 4093 607 4154 καὶ
636 4090 771 4172 βασιλέα
795 4097 883 4174 κύριν
906 4087 1060 4174 Μανουηλ
1087 4091 1140 4154 τόν
1163 4088 1341 4177 Κομνηνύν,
1365 4097 1423 4159 καὶ
1448 4093 1507 4162 ἐάν

233 4239 262 4282 τι
286 4219 397 4296 γέγονε
420 4215 506 4299 παρὰ
528 4223 583 4300 της
600 4215 707 4300 χώρας
730 4223 785 4300 τῆς
805 4212 928 4300 Πέσσης
950 4215 1028 4298 πρός
1052 4233 1120 4277 τινα
1145 4212 1335 4300 ἐστεμμένον
1360 4215 1422 4282 εἴτε
1447 4225 1507 4285 καὶ

235 4341 278 4430 μὴ
303 4346 445 4404 τοιούτον
475 4336 520 4410 εὶς
544 4334 720 4424 ἀνατροπὴν
745 4335 871 4426 ἀφορῶν
900 4338 1030 4424 μερικὴν
1053 4334 1074 4422 ἢ
1098 4339 1245 4402 καθόλου
1269 4349 1330 4406 τῶν
1354 4345 1507 4410 τοιούτοιν

235 4471 422 4554 συμφωνιῶν
456 4465 512 4526 καὶ
540 4471 599 4525 τῶν
625 4458 741 4548 ὅρκων,
768 4461 844 4527 Ιἁιντί
880 4463 960 4547 μηδὲ
997 4464 1164 4540 γεγονότος
1199 4463 1432 4554 λογισθήσεται
1468 4472 1506 4534 τύ

233 4596 384 4654 τοιοῦτον.
409 4589 460 4652 τόν
489 4587 524 4650 δὲ
552 4589 690 4672 παρόντα
720 4582 815 4671 ὅρκον
843 4582 1007 4673 όρεέλοοσι
1031 4587 1193 4650 ποιεῖσθαι
1216 4592 1271 4654 καί
1297 4587 1506 4658 ἀνακαινίσαι

234 4710 290 4776 καλ
314 4711 343 4777 οἱ
366 4713 533 4778 κόνσουλοι
563 4713 618 4775 καὶ
642 4705 671 4773 οἱ
694 4710 799 4774 λοιιιοί
830 4708 953 4774 ἔποικοι
984 4719 1039 4796 τῆς
1070 4707 1194 4795 Πέσσης
1217 4715 1301 4776 κατὰ
1326 4714 1382 4800 τήν
1406 4719 1504 4806 συνή.
