3148 5268
251 357 313 423 1⁰6

246 549 353 636 ἐμνύτι
381 551 426 625 τίς
453 555 492 618 τὰ
517 551 593 632 ἅγια
617 561 671 618 τού
694 555 774 620 θεού
798 549 971 633 εὐαγγέλια
1001 557 1058 618 ιιαί
1080 551 1125 626 είς
1149 553 1202 616 τόν
1225 555 1328 638 τίμιον
1351 552 1407 614 ιιαί
1431 553 1517 624 ζωο-

244 677 334 740 ποιύν
363 679 510 762 σταυρόν,
539 673 581 751 ῶς
610 674 648 742 ἂν
677 679 789 766 στέρζη
821 675 1030 764 ἀμεταθέτως
1054 680 1110 742 τισί
1134 673 1422 762 ύταρασαλτύτως,
1454 669 1520 738 ὅσα

251 787 364 876 ἐτοιζαν
392 803 448 864 ιιαὶ
482 804 705 889 συνεφώνησαν
733 805 789 866 τιαί
819 797 1086 888 ἀποκατέστησαν
1113 798 1144 864 οἱ
1171 797 1333 886 εἰρημένοι
1366 793 1520 884 ἡμέτεροι

249 925 395 1008 πρέσβεις
420 927 500 1009 μετὰ
523 933 578 990 τοῦ
601 925 804 1012 δηλωθέντος
829 922 998 1013 ἐπιφανούς
1026 925 1142 998 δουιιός
1166 927 1221 988 ναί
1246 930 1302 986 τοῦ
1323 925 1520 1007 τιουμοονίου

247 1046 395 1122 Βενετίας
426 1045 475 1113 ἐπὶ
503 1059 542 1137 τη
571 1043 710 1136 ῥηθείσῃ
742 1049 854 1135 διωρίφ
880 1060 941 1114 τῶν
969 1050 1003 1125 έζ
1030 1052 1167 1136 χρόνων,
1194 1045 1293 1134 ἤγουν
1318 1044 1372 1111 ἵνα
1399 1048 1520 1131 τρέβαν

247 1175 399 1258 καθαρὰν
433 1177 489 1238 ιιαί
523 1171 707 1240 οἰδολίεοτον
741 1175 953 1263 φυλάττωμεν
983 1170 1023 1238 δι’
1050 1168 1139 1260 ἡμῶν
1173 1175 1230 1238 καί
1264 1181 1320 1259 τῆς
1348 1171 1521 1256 βασιλείας

247 1295 337 1384 ημῶν
359 1299 436 1383 πρός
459 1299 514 1362 τόν
537 1295 672 1387 ἐπιφανῆ
702 1299 805 1364 δούιια
833 1302 890 1364 ταί
917 1299 952 1362 τύ
980 1299 1169 1383 τουμοόνιον
1197 1305 1254 1384 τῆς
1281 1295 1432 1370 Βτνττίας
1460 1299 1520 1360 τιαὶ

247 1424 324 1508 πρός
349 1418 433 1486 ἅπαν
456 1423 491 1488 τό
516 1427 611 1509 μέρος
639 1419 750 1501 αύτού,
774 1419 832 1487 οιαὶ
858 1422 1043 1511 φυλάξωμεν
1063 1424 1167 1487 πάντα
1191 1423 1231 1486 τὰ
1253 1418 1287 1486 έν
1310 1430 1376 1494 ταῖς
1400 1414 1520 1508 ῥηθεί-

248 1567 320 1618 σαις
355 1551 594 1630 τρογτγονυίαις
621 1548 749 1634 τρέβαις
776 1547 1060 1632 διαλαμβανόμτνα
1090 1545 1266 1634 κεφάλαια,
1301 1541 1453 1618 ύσαύτως
1482 1544 1520 1608 δέ

248 1667 455 1756 ἀποδώσομεν
483 1672 538 1734 καὶ
561 1673 600 1734 τόι
623 1678 675 1734 νύν
704 1665 928 1756 ύποσχεθέντα
954 1671 1040 1756 παρὰ
1068 1679 1127 1734 τῶν
1155 1668 1326 1756 εἰρημένων
1353 1669 1519 1754 πρέσβεων

246 1791 354 1858 ένειιεν
379 1802 438 1858 τῶν
463 1797 582 1880 ζημιῶν
606 1803 665 1858 τῶν
690 1804 857 1874 γεγονυιῶν
881 1805 945 1866 τοῖς
967 1791 1147 1866 Βενετίιιοις
1170 1797 1227 1858 ιιαί
1250 1803 1313 1866 τοῖς
1337 1787 1518 1872 ύποττταγ-

164 1989 169 2000 ‚
247 1921 353 2004 μένοις
387 1919 431 2004 τῷ
455 1914 597 2006 ἐπιφανεῖ
630 1917 721 1982 δυυιιί
750 1915 807 1981 τισί
830 1915 873 2004 τῷ
895 1921 1074 2004 τιουμουνίιρ
1097 1926 1153 2005 της
1175 1915 1324 1990 Βτνετίας
1347 1919 1437 2002 παρὰ
1462 1926 1519 1982 τοῦ

247 2043 326 2106 λαοῦ
354 2044 410 2106 καί
438 2049 498 2105 τῶν
527 2037 784 2128 ύποττταγμένων
812 2051 852 2128 τη
881 2039 1029 2126 βασιλτίη
1058 2061 1131 2128 μου,
1156 2038 1241 2106 ἀλλὰ
1264 2039 1304 2127 δη
1327 2043 1384 2104 ιιαί
1403 2037 1519 2105 ίνετιεν

247 2177 308 2231 τῶν
333 2162 490 2253 ἐσπητίων
525 2175 585 2230 τῶν
609 2161 871 2252 ἆτοτεταγμένων
893 2163 1050 2230 δίδοσθαι
1080 2164 1123 2252 τῷ
1149 2165 1313 2250 ιιονσούλιρ
1339 2162 1522 2231 Βενττίνιων

248 2289 281 2356 ἐν
305 2301 344 2376 τῇ
367 2288 590 2375 Θτσσαλονίιιη
614 2293 699 2356 ιιατά
722 2291 775 2356 τόν
799 2291 893 2354 τύπον
916 2297 976 2354 τῶν
995 2289 1124 2375 τρεβῶν,
1149 2289 1245 2354 άτιαί
1262 2284 1321 2355 υύτι
1337 2286 1518 2376 ἐδόθησαν,

246 2415 356 2480 δούναι
385 2415 441 2478 καί
476 2410 705 2502 ἀναπληρῶσαι
739 2410 898 2500 ύπέρπορα
933 2423 1037 2500 χρυσᾶ
1071 2414 1222 2500 χιλιάδας
1256 2413 1430 2478 διτιαπένττ
1460 2419 1522 2478 καί

247 2535 426 2604 ἐιιταιιόσια
450 2533 513 2604 ἀπό
541 2548 601 2604 τῶν
627 2539 878 2624 πολιτευομένων
904 2539 990 2604 τιατὰ
1019 2539 1053 2602 τύ
1077 2539 1178 2623 παρόν
1203 2535 1247 2611 τίς
1270 2537 1325 2624 την
1348 2537 1520 2626 θεοφύλα-

248 2682 322 2727 οιτον
338 2660 669 2728 Κωνσταντινοόπολιν
685 2663 799 2748 διταίιρ
824 2660 960 2749 σταθμῷ
982 2661 1033 2727 ἐπί
1056 2661 1167 2748 διωρίφ
1190 2660 1267 2727 ἐτῶν
1290 2671 1392 2748 τριῶν,
1416 2659 1519 2748 ἤγουν

132 2829 134 2834 -
247 2780 326 2850 καθ’
349 2782 485 2850 ἕκαστον
510 2785 581 2859 ἔτος
604 2787 641 2850 τό
665 2791 765 2872 τρίτον
782 2787 908 2865 τούτων,
932 2789 1017 2852 κατὰ
1041 2787 1093 2850 τόν
1117 2787 1211 2852 τόπον
1233 2789 1291 2850 ταί
1313 2787 1367 2850 τόν
1390 2788 1519 2871 τρόπον,

247 2906 326 2974 καθ’
347 2907 381 2974 ὃν
404 2906 569 2996 ἐδόθησαν
591 2914 648 2976 καί
672 2907 916 3000 ἀπωφληθησαν
939 2907 984 2984 τίς
1007 2911 1062 2998 την
1084 2911 1145 2996 πρό
1170 2917 1284 2996 μιτιρού
1307 2909 1519 2976 τελεσθεῖσαν

247 3035 381 3120 τρέβυιν,·
400 3030 461 3108 δως
492 3030 750 3122 Ὶιἰνιιπληριόστως
777 3037 834 3100 καί
861 3031 1112 3122 ίαανοποιησεως
1141 3043 1197 3121 της
1226 3030 1519 3120 ἀναγεγραμμένης

246 3160 421 3245 ποσότητος
448 3167 508 3224 τῶν
537 3153 725 3244 ύπτρπύρων.
749 3161 805 3224 καὶ
831 3160 942 3224 τούτου
972 3155 1080 3222 ένειιεν
1104 3155 1121 3222 δ
1144 3155 1337 3246 διαληφθεὶς
1360 3155 1518 3246 ἐπιφανὴς

247 3281 321 3358 δούζ
344 3284 399 3346 καί
422 3283 457 3346 τύ
486 3283 675 3369 οιουμούνιον
702 3281 852 3360 Βτνττίοις
884 3280 1015 3348 ἀπολύοι
1045 3286 1102 3346 καί
1130 3279 1222 3369 ἀργεῖ
1242 3285 1349 3355 πάσας
1372 3283 1430 3354 τὰς
1455 3285 1518 3368 ζη-

248 3403 321 3492 μίας
343 3407 399 3470 ιιοιί
423 3405 546 3490 βλάβας
570 3409 627 3482 τὰς
651 3413 823 3494 γενομένας
847 3417 910 3482 τοῖς
930 3415 1030 3493 τούτῳ
1051 3403 1315 3493 ὑποτεταγμένοις
1330 3404 1517 3479 Βτνττίιιοις

247 3531 333 3614 παρὰ
361 3537 415 3595 τού
443 3530 525 3596 λαοῦ
552 3535 609 3596 καί
636 3541 696 3596 τῶν
728 3526 987 3619 ὑποτεταγμένων
1010 3542 1050 3618 τῇ
1072 3529 1223 3616 βασιλτίφ
1247 3551 1306 3616 μου
1328 3528 1389 3604 όως
1413 3529 1518 3616 δηλο-

247 3656 313 3718 νότι
328 3661 383 3740 τῆς
399 3653 603 3743 δηλωθτίσης
627 3659 778 3743 τετάρτης
801 3666 856 3720 τού
881 3653 999 3720 ίουλίου
1023 3657 1137 3743 μηνός,
1162 3652 1312 3730 ἐζισάζων
1328 3655 1382 3720 διὰ
1398 3655 1518 3726 παντὸς

247 3773 322 3863 ύτόρ
345 3788 405 3844 τῶν
427 3785 662 3866 προειρημένων
687 3773 807 3868 ζημιῶν
831 3792 868 3868 τῇ
893 3779 1041 3863 βασιλεία
1063 3799 1125 3864 μου
1152 3782 1209 3844 ιιιιί
1235 3779 1278 3864 τῷ
1304 3777 1375 3864 λαιᾷ
1389 3772 1514 3864 πιότης,

247 3899 398 3978 ύσαύτως
426 3875 483 3968 ιίοιί
509 3899 530 3990 ἡ
558 3904 707 3987 βασιλεία
735 3925 795 3990 μου
831 3901 943 3991 ἀφίησι
976 3906 1032 3968 καί
1061 3900 1151 3989 ἀργεῖ
1176 3912 1282 3968 πάσαν
1310 3903 1433 3988 βλάβην
1457 3906 1517 3966 καί

248 4029 361 4113 ζημίαν
383 4037 547 4107 γεγονυῖαν
571 4031 657 4116 παρὰ
680 4036 734 4093 τού
759 4027 925 4116 εἰρημένου
948 4027 1118 4116 ἐπιφανοῦς
1134 4028 1250 4100 δουτιός
1272 4030 1330 4092 ιιαί
1352 4032 1407 4091 τού
1423 4023 1515 4092 Κου-

247 4153 374 4236 μουνίου
405 4149 555 4226 Βενετίας
578 4149 598 4239 ἦ
623 4162 683 4218 τῶν
717 4155 902 4218 νιαπττσίνων
935 4155 992 4216 ιιαί
1026 4149 1146 4239 ἐνόχων
1181 4153 1296 4216 τούτων
1322 4153 1379 4216 καί
1406 4149 1516 4216 ἄλλων

247 4269 507 4362 ύποτεταγμένων
531 4271 637 4348 αὐτοῖς
661 4275 705 4352 είς
728 4297 813 4350 τινας
829 4275 1003 4363 Ῥωμαίους
1020 4279 1076 4341 ιιαί
1092 4270 1363 4361 ὑποτεταγμένους
1386 4285 1425 4361 τη
1451 4277 1514 4359 βα-

247 4398 351 4484 σιλτίφ
367 4421 438 4485 μου,
462 4402 517 4466 ταί
541 4398 587 4474 τίς
611 4403 726 4475 ταύταις
750 4399 891 4477 ἐζίσωσιν
914 4411 997 4466 ποιεί
1018 4403 1095 4486 πρός
1119 4422 1152 4466 τε
1175 4401 1229 4464 τόν
1253 4395 1387 4488 ἐπιφανῆ
1408 4398 1516 4464 δούιια

245 4527 301 4588 ιιαί
328 4523 400 4598 τούς
424 4519 694 4612 ύποττταγμένους
720 4523 825 4600 αὐτοῖς
848 4529 983 4604 πάντας,
1017 4524 1098 4612 πλὴν
1127 4523 1156 4589 τί
1186 4527 1296 4610 μήπως
1324 4525 1429 4610 συμβῇ
1457 4529 1518 4588 οιαὶ

246 4657 369 4736 φανῶσι
396 4645 452 4712 οιαὶ
479 4659 682 4736 παραστῶσιν
709 4645 748 4713 ἐτι
776 4653 848 4714 νέου
875 4654 988 4737 ζημίαι
1013 4651 1069 4712 ταί
1093 4648 1211 4732 βλάβαι
1234 4650 1404 4734 γενόμεναι
1425 4651 1516 4734 παρὰ

247 4778 302 4838 τού
330 4770 412 4838 λαοῶ
439 4774 495 4838 ιιαί
521 4783 580 4840 τῶν
611 4768 869 4858 ύποτιταγμένων
897 4783 935 4862 τη
964 4773 1113 4858 βασιλεία
1146 4793 1207 4859 μου
1236 4783 1303 4854 τοῖς
1328 4769 1515 4850 Βενττίτιοις
