3132 5268
1250 359 1314 428 103

59 549 121 640 ἡμῖν
146 557 199 620 καί
226 563 293 628 τοῖς
319 553 599 644 προηγησαμένοις
626 552 713 644 ἡμᾶς
747 561 804 624 καί
831 568 870 643 τῇ
900 552 1040 643 ἡμετίρφ
1074 555 1222 640 βασιλεία
1256 555 1314 622 ὀπ-

59 674 240 762 ινεχθόντων
262 683 519 766 προσκομμάτων
542 685 598 744 καί
623 685 742 768 ζημιῶν
771 685 867 768 μίχρι
896 688 951 765 τῆς
981 681 1145 765 παρούσης
1176 683 1314 766 σήμερον

58 797 178 888 ἡμίρος,
215 801 259 876 ίις
292 801 439 890 ἀνωτόρω
473 805 671 892 προείρηται,
708 805 771 872 ἀπό
805 813 860 872 τού
894 813 1008 890 καιρού
1032 815 1093 870 τῶν
1124 805 1315 872 τελευταίων

57 927 160 1010 τρεβύν
196 937 257 992 τῶν
291 925 469 1014 γενομίνιιν
498 929 531 994 ὲν
567 941 606 1014 τη
638 929 971 996 Κωνστοντινουπόλετ
997 931 1053 994 καί
1085 927 1131 1001 είς
1165 931 1201 994 τύ
1232 926 1314 1014 δίης.

57 1055 115 1134 περί
140 1051 175 1115 δὲ
204 1061 266 1116 τὸν
295 1051 396 1138 ἔργον
423 1061 480 1138 τῆς
507 1051 645 1118 Τενίδου
679 1054 823 1140 μηδεμία
852 1051 997 1134 γενίσθω
1028 1057 1137 1140 μνήμη
1164 1057 1249 1120 κατά
1280 1056 1315 1118 τύ

56 1175 157 1258 παρόν,
194 1173 279 1240 ἀλλά
307 1171 487 1261 μενίτωσαν
510 1171 610 1250 οὑτως
639 1175 672 1240 ἐν
701 1180 862 1262 ματεύριρ,
894 1180 1006 1263 μίχρις
1034 1174 1113 1242 ἀνύ
1142 1173 1317 1264 ύρισρίνος

56 1299 158 1382 χρόνος
186 1307 243 1384 της
270 1301 434 1387 παρούσης
460 1298 575 1386 τρίβος
604 1297 749 1387 ὀιομένη.
781 1299 828 1364 ότι
850 1301 886 1366 δί
911 1302 954 1386 μὴ
978 1305 1150 1386 νυουμίνου
1177 1301 1232 1366 διὰ
1260 1309 1316 1387 τῆς

55 1423 206 1508 παρούσης
240 1421 355 1510 τρίβος
390 1427 446 1490 καί
473 1423 670 1512 συμφωνίας,
706 1420 754 1488 ὅτι
785 1422 841 1488 ἐὰν
869 1421 929 1490 οἶνοί
956 1445 1025 1490 τινα
1054 1425 1236 1510 συμβόλαια
1257 1428 1315 1490 καί

56 1543 221 1632 συμφωνίαι
248 1545 269 1632 ἢ
298 1551 514 1634 στοιχημοτα,
552 1545 584 1622 ἐξ
611 1544 654 1610 ιδν
685 1543 719 1634 ἢ
734 1545 772 1612 ὲκ
804 1556 858 1634 τῆς
887 1548 1050 1634 δυνάμεως
1078 1547 1208 1612 ἐκείνων
1235 1551 1316 1620 τινός

55 1665 194 1754 Ῥωμαῖοι
222 1668 468 1757 ύποτεταγμίνοι
491 1669 511 1758 ἦ
536 1677 591 1738 καί
617 1677 722 1738 πιστοί
750 1668 839 1758 ἡμῶν
862 1676 918 1738 καί
948 1665 1005 1758 τῆς
1032 1669 1191 1759 ἡμετίρας
1219 1673 1315 1756 βασι·

54 1791 131 1868 λείας
167 1793 332 1880 ἀνέχονται
366 1819 386 1882 η
422 1793 585 1884 ὀφείλουσι
622 1795 804 1868 Βενετίκοις
838 1801 917 1862 τισίν
956 1793 1220 1882 ὑποτεταγμένοις
1258 1795 1317 1864 καί

52 1927 161 1990 πιστοῖς
186 1916 228 2002 τῷ
249 1917 336 2002 κοριρ
356 1919 447 1984 δουκί
470 1923 526 1984 καί
552 1923 595 2005 τῷ
618 1923 796 2005 κουμοονίιρ
819 1917 984 1998 Βενιτίας,
1019 1918 1040 2006 ἢ
1064 1917 1221 1986 ἀνάπαλιν
1251 1917 1316 1984 Βε-

54 2044 161 2106 νότικοί
189 2063 271 2116 τινες
299 2039 548 2130 ὑποτεταγμόνοι
575 2048 631 2108 καί
657 2049 763 2109 πιστοί
791 2043 834 2127 τῷ
859 2045 944 2128 κυρῷ
970 2043 1062 2108 δουκί
1088 2047 1145 2108 καί
1172 2044 1215 2126 τῷ
1236 2063 1314 2108 κοσ-

54 2171 161 2250 μοονίιρ
190 2165 343 2240 Βενετίας
371 2165 537 2254 ὀνίχονται
559 2167 579 2253 η
608 2165 772 2256 ὀφείλουσι
799 2164 967 2252 Ῥωμαίοις
995 2170 1075 2230 τισίν
1103 2163 1318 2252 ύποπεταγμί-

52 2311 106 2362 νοις
133 2295 192 2354 καί
225 2303 346 2365 πιστοῖς
373 2289 463 2378 ἡμῶν
486 2296 542 2358 καί
570 2305 608 2380 τῇ
637 2294 787 2378 βασιλεία
816 2289 906 2380 ἡμῶν
931 2289 1152 2378 ὁπωσδήποτε,
1187 2291 1316 2356 ἔσονται

52 2407 198 2500 ἀφειμένα
226 2412 246 2500 ἢ
276 2411 539 2502 ἀνατετραμμένα
566 2413 585 2502 ἢ
614 2415 733 2502 ἄκυρα,
769 2416 892 2502 μᾶλλον
922 2419 977 2502 μὲν
1013 2411 1066 2480 ούν
1103 2415 1314 2502 ἐκδηλότερον

51 2541 181 2602 νοείσθω
205 2542 261 2602 καί
284 2539 457 2626 δηλούσθω
481 2541 535 2606 διὰ
564 2551 618 2605 τού
646 2544 800 2626 παρόντος
829 2543 1045 2626 στοιχηματος
1073 2543 1129 2602 καί
1158 2548 1218 2602 τῶν
1246 2559 1317 2623 τρε-

50 2661 119 2742 βύν,
155 2659 205 2726 ὅτι
235 2658 326 2728 αύτοί
354 2662 383 2726 οἱ
412 2674 549 2728 τοιοῦτοι
578 2663 739 2742 Βενίτικοι
773 2667 879 2728 πιστοί
914 2667 970 2726 καί
1005 2659 1254 2747 ὑποτεταγμένοι
1277 2663 1319 2746 τῷ

49 2785 123 2870 κυριρ
161 2787 255 2864 δουκί
284 2791 345 2860 καί,
372 2789 415 2873 τῷ
440 2793 621 2873 κουμουνίιμ
649 2786 798 2860 Βενετίας
833 2787 1023 2872 δυνήσονται
1057 2789 1113 2850 καί
1146 2783 1316 2870 ίσχύσουσι

49 2913 188 2996 χρῆσθαι
216 2923 280 2986 τοῖς
308 2911 447 2986 δικαίοις
476 2908 586 2980 αύτύν
607 2907 685 2978 καθ’
715 2909 923 2996 οἱωνδητινων
951 2907 1114 2994 Ῥωμαίων
1142 2918 1203 2974 τῶν
1227 2906 1316 2996 ὀφει-

48 3033 156 3100 λόντων
194 3032 316 3112 αὐτοῖς,
353 3033 399 3108 σίς
426 3035 466 3122 δὴ
497 3034 678 3108 Βινετίκοις
707 3039 763 3100 καί
797 3032 924 3118 ἑκάστῳ
952 3029 1055 3100 αὑτῶν
1090 3029 1181 3119 ἡμεῖς
1211 3036 1268 3096 καί
1295 3027 1314 3116 ἡ

49 3155 189 3237 βασιλεία
213 3153 303 3246 ἡμῶν
328 3161 505 3245 ποιήσομεν
532 3163 589 3223 καί
617 3159 770 3238 γενίσθαι
798 3158 1043 3244 διαπραξόμεθα
1070 3156 1196 3220 δίκαιον
1231 3155 1315 3218 διευ-

48 3277 220 3368 θετημένον
247 3286 304 3346 καί
333 3279 470 3358 ἐντελὲς,
506 3279 548 3356 ὥς
571 3285 722 3368 πρότερον
753 3279 963 3366 ἐνειχύμτθα,
1000 3277 1160 3364 ἀκεραίως
1183 3282 1239 3344 καί
1263 3285 1315 3342 νύν

47 3401 223 3492 ὀφείλομεν·
259 3412 314 3472 καί
341 3411 427 3472 κατὰ
455 3410 508 3472 τόν
538 3403 648 3494 ὅμοιον
676 3411 790 3494 τρόπον
820 3405 850 3470 οί
871 3403 1020 3501 ἡμετεροι
1043 3403 1194 3491 Ῥωμαῖοι
1217 3404 1314 3490 δυνή·

48 3551 151 3596 σονται
179 3535 236 3598 καί
261 3531 432 3618 ίσχύσουσι
459 3535 605 3619 χρῆσθαι
633 3545 696 3606 τοῖς
724 3533 863 3604 δικαίοις
893 3527 995 3596 αὐτῶν
1018 3527 1098 3596 καθ’
1122 3528 1317 3618 οἱωνδύμοτι

46 3651 219 3722 Βινετίκων
246 3666 362 3722 πιστῶν
390 3661 447 3722 καί
475 3652 733 3742 ὑποτεταγμένων
767 3657 810 3741 τῷ
836 3657 922 3742 πυρῷ
956 3655 1047 3720 δουκί
1081 3659 1137 3720 καί
1161 3654 1203 3740 τῷ
1236 3673 1315 3720 κοο-

47 3789 158 3868 μουνύιρ
197 3781 348 3856 Βενετίας
386 3780 575 3872 ὀφειλόντων
614 3777 734 3859 αὐτοῖς,
771 3781 886 3848 οίστισι
920 3781 960 3867 δη
1000 3778 1169 3866 Ῥωμαίοις
1203 3778 1221 3844 δ
1256 3789 1315 3866 κύρ

47 3905 116 3982 δούξ
139 3905 198 3972 καὶ
220 3910 256 3972 τύ
280 3909 468 3993 κουμούνιον
499 3905 662 3984 Βενετίας,
693 3904 910 3992 ύμπαῐούλος
937 3909 994 3972 καί
1017 3902 1035 3968 δ
1060 3899 1180 3988 ῥίπτωρ
1204 3908 1260 3968 καί
1285 3903 1315 3968 οἱ

47 4027 244 4120 ὀφφικιιίλιοι
275 4040 330 4096 τού
357 4039 456 4118 κορού
485 4030 600 4104 δοοκύς
627 4035 684 4096 καί
707 4039 762 4096 τού
785 4035 976 4117 κουμυυνίου
999 4027 1149 4100 Βενετίας
1173 4025 1314 4114 ὁπουδη-

47 4175 116 4220 ποτε
144 4157 350 4228 καθεστῶτες
386 4156 511 4222 δίκαιον
534 4159 703 4241 ποιήσουσι
726 4153 973 4241 διεοθετημίνον
1008 4156 1065 4217 καί
1099 4149 1236 4230 ὀντελδς,
1271 4147 1315 4224 ύς

46 4283 193 4366 πρότερον
221 4275 401 4366 ἠνείχοντο,
427 4277 585 4365 ἀκεραίως
613 4281 669 4344 καί
692 4287 745 4344 νύν
769 4275 947 4365 ὀφείλουσι,
973 4278 1160 4360 σωζομίνιον
1184 4271 1235 4338 ἀεί
1258 4278 1315 4340 καί

47 4407 242 4490 τηρούμενον
275 4413 386 4469 πασῶν
421 4400 478 4468 καὶ
511 4399 655 4468 ίκοίστων
687 4411 746 4466 τῶν
774 4401 1024 4488 ποραφυλιίίεων
1059 4402 1116 4464 καί
1150 4402 1316 4464 κατασταί-

48 4547 123 4592 σιων
152 4531 210 4594 καί
245 4523 450 4612 ὑποσχέσεων
477 4529 533 4590 καί
561 4525 801 4613 διασαφησεων,
837 4521 898 4588 εἴτε
932 4525 1003 4608 περί
1032 4526 1153 4610 ζημιῶν
1181 4532 1242 4587 τιῐιν
1271 4524 1314 4608 μὴ

47 4656 242 4740 τοχθεισιύν,
269 4651 360 4725 ἰδίως
384 4645 544 4738 ῥηθτιοῶν
572 4655 627 4716 καί
655 4647 914 4736 ὀνομασθεισῶν,
945 4647 1006 4712 εἴτε
1029 4652 1101 4732 περί
1125 4659 1185 4712 τῶν
1210 4647 1315 4713 ἀλλων

47 4786 101 4843 τῶν
140 4774 286 4870 ἀνωτίρω
320 4773 581 4866 ὀνομασθίντων,
619 4771 665 4848 οίς
693 4775 747 4840 διὰ
774 4783 830 4866 τῆς
858 4775 1021 4864 παρούσης
1050 4773 1164 4859 τρίβος
1187 4770 1208 4862 ἢ
1233 4770 1316 4864 ἀφί-

1083 4882 1118 4942 ίθ
