3182 5264
1296 383 1340 470 ιε’

94 605 217 686 χύμενον
241 604 296 663 καί
321 597 412 674 ὅλαις
436 603 544 687 χερσίν
573 595 683 686 αὐτῆς,
710 599 908 686 έξεχόμενον,
933 599 1204 684 κατεδυσώπησάν
1228 619 1260 660 τε
1285 599 1339 682 τὴν

92 726 237 806 βασιλείαν
273 748 333 810 μου
367 729 424 789 καί
458 727 500 811 μή
532 723 689 790 ἀπολέσαι
723 725 848 789 δίκαιον
877 728 957 808 μετὰ
985 721 1136 806 ἀσεβοῦς,
1169 719 1189 808 ἢ
1218 722 1339 806 μᾶλλον

90 850 167 912 εἰπεῖν
190 850 242 912 διά
268 848 369 934 ἀστβη
399 845 662 914 καταπεποίκασί.
695 852 750 912 καί
780 849 819 933 δὴ
851 851 1029 933 κάμπτεται
1057 848 1177 919 τούτοις
1200 843 1219 932 η
1245 847 1339 928 βασι-

89 975 146 1036 λεία
169 995 242 1057 μου,
272 977 390 1038 καὶτὰ
415 971 583 1059 ἐγγυηταῖς
613 973 837 1056 παρατεθέντα
868 975 1047 1050 γενουϊτικόι
1078 973 1273 1053 νομίσματα,
1298 966 1340 1042 ἱος

88 1097 216 1182 ἀνωτέρω
244 1097 436 1184 δεδήλωται,
473 1095 516 1170 ὡς
544 1095 607 1182 ἤδη
643 1105 698 1181 της
733 1095 871 1168 Γενοόας
906 1091 988 1159 ούτω
1023 1095 1077 1180 τήν
1105 1093 1339 1181 ἐπιφορτισθεῖ·

88 1243 134 1284 ταν
155 1218 234 1307 αύτη
258 1223 410 1309 φροντίδα
435 1220 699 1307 έκπληρωσάσης,
725 1218 927 1304 ἀποδοθῆναι
950 1214 1056 1291 αὐτοῖς
1080 1220 1260 1327 διωρίσμτο,
1285 1217 1340 1280 καί

88 1351 177 1428 μέντοι
204 1351 260 1409 καί
289 1347 492 1410 ἀποδέδοται.
523 1343 588 1410 ἐπεὶ
615 1345 651 1408 δέ
679 1344 732 1408 διά
767 1347 802 1410 τό
832 1345 1033 1429 παρεμπεσὸν
1068 1343 1249 1408 σκάνδαλον
1284 1343 1341 1404 καί

89 1469 169 1554 ἑτέρῳ
203 1471 430 1556 χρυσοβούλλῳ
465 1479 521 1554 τῆς
557 1470 723 1552 βασιλείας
759 1492 819 1556 μου
847 1471 900 1534 τόν
927 1469 1193 1554 προαπολυθέντα
1223 1467 1273 1532 έπί
1302 1477 1340 1551 τη

88 1599 234 1680 συμφωνία
258 1590 361 1658 αύτων
377 1595 616 1679 χρυσόβουλλον
632 1595 729 1672 λόγον
752 1603 806 1680 τῆς
832 1593 995 1677 βασιλείας
1019 1615 1079 1678 μου
1104 1590 1340 1675 ἐπικυρωθῆναι

86 1717 246 1803 ητήσαντο,
275 1719 444 1782 κατανεύει
471 1721 527 1782 καί
561 1721 638 1804 πρός
667 1719 722 1804 τήν
757 1720 904 1806 τοιαύτην
932 1713 1034 1782 αύτων
1057 1713 1077 1803 ἡ
1103 1715 1250 1800 βασιλεία
1280 1735 1340 1798 μου

88 1841 209 1927 αἴτησιν,
239 1839 282 1913 ὡς
310 1846 366 1906 καί
395 1837 496 1906 αύτων
525 1839 675 1930 ἐγγράφῳ
704 1838 806 1906 αύτων
834 1847 889 1905 καί
913 1851 972 1906 τῶν
997 1839 1029 1904 ὲν
1053 1852 1091 1926 τη
1116 1837 1340 1918 Μεγαλοπόλει

87 1965 222 2051 ἐκκρίτων
245 1965 270 2030 Γ
272 1976 417 2030 ενουῑτων
441 1964 646 2054 ένυπογράφῳ
671 1971 727 2032 καί
750 1963 836 2052 ὅρκῳ
860 1964 1031 2052 σωματικῷ
1054 1963 1102 2030 ἐπὶ
1126 1965 1169 2048 τῷ
1191 1961 1339 2048 ἐγγράφῳ

86 2093 130 2176 τὴν
152 2093 388 2176 προομοθεῐσαν
412 2097 593 2178 συμφωνίαν
619 2088 720 2156 αύτων
746 2089 889 2156 ἐνταῦθα
913 2089 1171 2175 ἐπικυρωσάντων
1194 2090 1279 2152 κατὰ
1303 2087 1338 2149 τό

86 2213 274 2300 ἐνδεδυμένον
305 2211 410 2288 αύτοῑς
440 2214 501 2280 ἀπό
526 2225 581 2301 τῆς
605 2220 712 2302 χώρας
737 2211 854 2294 αὐτῶν,
882 2212 960 2280 καθ’
984 2213 1022 2302 ἣν
1046 2227 1084 2300 τῇ
1108 2213 1256 2298 βασιλεία
1278 2232 1338 2296 μου

85 2341 256 2424 διεκόμισαν
293 2340 415 2426 γραφη-ν
454 2349 514 2404 των
552 2341 753 2404 κουνσυύλων
791 2345 847 2404 καὶ
883 2340 1069 2424 συμβούλων
1107 2346 1161 2402 τού
1199 2339 1339 2420 κάστρου

85 2459 187 2544 αύτιίιν,
222 2468 497 2550 συμφωνησάντων
525 2465 560 2528 δέ
588 2469 644 2528 καί
671 2467 706 2530 τό
739 2463 771 2530 ἐν
803 2477 842 2551 τη
866 2463 1030 2550 ὲναλλαγη
1054 2473 1113 2528 των
1140 2461 1338 2528 κουνσοόλων

85 2593 129 2650 καί
156 2589 338 2673 συμβούλων
366 2585 469 2652 αύτιίιν
496 2587 516 2675 ἢ
541 2595 596 2654 καί
629 2588 838 2666 έβουσιαστιίιν
868 2590 941 2663 τούς
970 2587 1123 2654 ἑκάστοτε
1155 2589 1339 2670 γινομένους

85 2711 194 2796 ἑτέρους
216 2713 410 2786 κονσούλους
434 2717 490 2776 καί
514 2715 712 2798 συμβούλους
735 2713 756 2802 ἢ
777 2719 833 2780 καί
858 2713 1064 2789 έξουσιαοτάς
1088 2713 1273 2798 προτιθέναι
1296 2707 1339 2794 τῷ

85 2835 126 2900 ἐτί
144 2839 239 2920 ταύτη
264 2833 350 2923 ὅρκῳ
373 2842 429 2902 καί
445 2847 536 2902 τοῦτο
554 2841 589 2902 τό
614 2840 695 2925 μηδέ
720 2841 773 2904 διὰ
798 2841 832 2902 τό
857 2841 980 2924 συμβάν
1004 2839 1132 2924 μερικόν
1156 2811 1338 2900 σκάνδαλον

84 2965 183 3046 μεταξύ
211 2973 266 3050 τῆς
290 2961 468 3048 Ῥωμανίας
491 2968 547 3028 καί
574 2974 629 3050 τῆς
657 2963 793 3037 Γενούας
822 2963 994 3050 ότεδήποτε
1023 2960 1193 3028 ἀλλοίωσιν
1225 2959 1337 3045 ἐμποι-

83 3097 146 3168 γσαι
168 3100 229 3160 τοίς
255 3092 335 3173 μετὰ
359 3098 414 3174 της
439 3083 614 3172 Ῥωμανίας
638 3093 694 3153 καί
717 3098 772 3173 τῆς
795 3087 820 3154 Γ
822 3090 934 3162 τνούας
964 3089 1212 3175 συμφωνηθεῖσι.
1237 3091 1337 3148 ταῦτα

84 3207 151 3275 ούτω
177 3215 293 3277 τούτων
319 3215 550 3296 καταθεμένων
579 3214 710 3278 ἐνώπιον
737 3223 793 3298 της
821 3213 986 3297 βασιλείας
1014 3235 1074 3298 μου
1104 3215 1158 3276 καί
1191 3211 1246 3295 τήν
1270 3231 1336 3272 τοι-

83 3337 164 3420 αύτην
199 3333 302 3399 αύτων
340 3339 520 3400 κατάθεσιν
558 3341 805 3424 πιοτωσαμένων
843 3335 882 3400 δι’
919 3335 1081 3424 ἐγγράφου
1120 3335 1337 3420 ένυπογράφου

84 3454 168 3522 αύτων
196 3464 252 3524 καί
282 3455 381 3544 ύρκου
409 3455 508 3535 ούτως
536 3459 683 3547 ἐχόντων·
718 3459 784 3527 ἐπεὶ
807 3459 824 3524 ό
849 3459 1026 3540 ἀγιόντατος
1052 3463 1159 3547 κύριος
1188 3459 1337 3544 βασιλεύς

82 3583 227 3668 Ῥωμαίων
256 3589 312 3650 καί
340 3584 390 3650 ἀεί
417 3583 592 3665 αύγουστος
619 3597 679 3673 κύρ
707 3586 867 3660 Ἰσαάκιυς
894 3584 911 3651 ό
945 3585 1107 3666 Ἄγγελος
1147 3583 1335 3671 ἀντέστρεφε

83 3711 146 3791 πρός
168 3706 248 3796 όμᾱς
273 3709 345 3782 τούς
370 3708 629 3796 ἀποκρισιαρίοος
652 3721 707 3775 τοῦ
731 3715 871 3796 κάστρου
899 3713 954 3776 καί
977 3719 1033 3796 τῆς
1056 3715 1164 3796 χώρας
1188 3709 1335 3788 Γενοόοις,

83 3837 125 3896 τόν
156 3859 185 3900 τε
220 3835 414 3902 Βαλδουίνον
437 3835 572 3922 Γέρτζον
607 3842 663 3902 καί
699 3839 750 3902 τόν
774 3835 868 3902 Γίδον
892 3835 1075 3914 Σπίνουλον,
1104 3841 1159 3902 καί
1183 3832 1223 3900 δι’
1247 3832 1335 3922 ἡμῶν

83 3964 145 4044 πρός
177 3967 298 4037 πάντας
333 3962 463 4036 τούςὲν
486 3975 524 4052 τη
548 3963 774 4043 Μεγαλοπόλει
808 3961 975 4036 Γενουΐτας
1003 3967 1059 4028 καί
1086 3963 1164 4046 πρός
1194 3956 1270 4024 αύτό
1300 3963 1336 4024 τό

82 4087 203 4172 Ιια’στρον
231 4089 287 4173 την
314 4087 451 4152 Γένυυαν
483 4091 522 4152 τά
555 4087 588 4162 ἐξ
619 4084 720 4152 αύτων
750 4086 966 4176 ἀφαιρεθέντα
996 4091 1176 4174 νομίσματα
1200 4087 1255 4149 καί
1279 4083 1335 4164 έγ-

82 4225 207 4296 γυηταῑς,
243 4211 289 4285 οίς
326 4207 414 4276 αύτοί
448 4209 680 4300 ἠβουλήθησαν
714 4211 937 4298 παρατεθέντα
973 4211 1058 4294 αίτίορ
1086 4221 1141 4297 τῆς
1170 4214 1335 4290 γεγονυίας

84 4337 182 4419 ζημίας
206 4348 244 4422 τη
269 4333 347 4420 άγία
370 4331 467 4400 αύτοό
493 4337 640 4420 βασιλεία
663 4340 718 4400 καί
735 4349 797 4409 τοῖς
814 4332 982 4422 Ῥωμαίοις
1004 4347 1256 4422 πραγματευταῖς
1280 4339 1336 4400 καί

82 4469 126 4521 του
158 4464 252 4546 φόνου
289 4472 346 4526 των
382 4458 629 4548 ἀποκρισιαρίων
664 4470 720 4548 τῆς
755 4457 848 4540 άγίας
878 4457 973 4526 αύτοό
1003 4460 1168 4544 βασιλείας
1196 4464 1252 4525 καί
1276 4471 1335 4524 των

83 4585 147 4664 πρὸς
170 4587 221 4670 τὴν
246 4587 410 4669 βασιλείαν
435 4581 530 4652 αύτοό
555 4584 735 4674 ἐρχομένων
758 4583 1004 4671 ἀποκρισιαρίων
1028 4596 1083 4651 τοῦ
1108 4583 1335 4666 εύγενεστάτου

85 4703 191 4772 ἐκείνου
225 4711 400 4774 σουλτάνου
435 4709 593 4790 Αίγύπτου
629 4721 683 4776 τοῦ
718 4709 940 4796 Σαλαχατίνου
975 4709 1031 4776 καὶ
1055 4721 1110 4797 τῆς
1134 4709 1334 4798 ἀφαιρέσεως

85 4839 133 4892 τόν
154 4839 268 4919 φαρέων
295 4839 351 4899 καί
379 4833 515 4900 ἀλλοίων
539 4834 753 4915 αὶγυπτιακων
778 4838 864 4910 ζώων
888 4811 948 4902 τῶν
970 4838 1050 4922 πρός
1074 4837 1129 4922 τὴν
1154 4832 1249 4914 ἀγίαν
1273 4831 1332 4898 αύ-
