3182 5264
188 350 248 411 xri

187 535 405 625 leptooolsmis
424 537 564 624 quinque
584 537 839 626 oirouruseptum‚
863 547 954 627 poste
971 559 1048 616 uno.
1072 537 1168 606 muris
1184 537 1300 616 tribus,
1316 537 1459 609 mamito

186 671 341 751 quattuor,
358 662 574 749 pectoralibus
589 663 691 732 tribus
707 683 777 730 oum
793 663 946 732 oeneeilis
966 673 1123 751 porterum
1140 671 1172 732 et
1189 663 1286 730 reotis
1305 661 1458 730 mosellis

187 793 342 873 quottuor.
367 788 399 854 in
419 788 600 875 pauimento
622 789 785 856 seluontur
804 809 955 858 murmure
976 789 1140 860 ierostosie
1163 799 1195 856 st
1217 789 1289 876 ipss
1303 809 1373 858 oum
1396 788 1457 856 de-

185 913 270 980 ieeto
291 920 323 980 et
338 913 474 982 bibbiuio
490 914 740 982 circumferentia
755 914 873 1002 etipse
889 914 1056 982 deiectius.
1075 935 1185 982 uersus
1201 934 1347 980 oeoosum
1363 912 1458 982 buius

186 1035 401 1104 semicirculus
420 1037 481 1104 nub
501 1037 721 1123 leptoeelomis
743 1047 889 1124 quattuor
906 1047 939 1108 et
957 1059 1020 1106 uuo
1040 1037 1146 1104 ocioso
1162 1037 1389 1123 circumseptus
1404 1043 1454 1103 to·

186 1160 271 1228 bulis
287 1169 318 1231 et
333 1161 547 1248 pauimentum
562 1161 604 1230 de
619 1163 760 1230 contuitis
775 1163 956 1230 marmoreis
971 1163 1138 1230 deiectius.
1155 1162 1197 1230 od
1213 1181 1359 1233 occasum
1374 1161 1455 1238 eius,

187 1302 249 1371 que
264 1285 305 1352 ud
322 1285 483 1354 meridiem
498 1286 619 1374 tropice
635 1286 743 1354 luteris
758 1305 890 1374 pennum
910 1287 1111 1354 eericoxilum
1129 1293 1339 1352 sustentatum
1359 1285 1456 1354 muris

186 1419 218 1476 et
236 1408 597 1494 leptoeulsmisduobus
618 1417 650 1476 et
669 1419 772 1496 poste,
801 1410 901 1478 fosieo
923 1429 1036 1496 rengno
1057 1429 1120 1477 uno
1140 1416 1172 1475 et
1190 1408 1253 1474 otio
1273 1427 1383 1476 versus
1402 1429 1457 1476 se-

184 1532 393 1617 ptentrienem
408 1532 616 1620 leptorolsmo
633 1533 739 1600 oeioso
755 1551 818 1600 uuo
834 1542 865 1600 et
880 1533 1092 1620 pauimentum
1108 1531 1313 1598 marmoribus
1324 1530 1409 1598 olbis
1425 1539 1458 1598 et

185 1655 290 1725 rubris
311 1676 380 1722 eum
397 1676 493 1743 opere
508 1656 672 1743 pluumrio.
688 1657 730 1724 ub
747 1655 807 1724 hoo
825 1677 933 1722 uersus
953 1654 1147 1722 oeoideutern
1169 1661 1202 1722 et
1214 1653 1377 1722 meridiem
1392 1661 1457 1722 tro-

184 1779 258 1868 pios
274 1778 353 1857 olis,
377 1779 524 1846 nubieuls
539 1779 696 1866 quadratu
711 1779 774 1846 duo
790 1788 872 1846 etex
888 1779 1014 1846 duobus
1030 1778 1175 1866 portibus
1194 1778 1320 1844 stilhns
1339 1785 1457 1844 tentum

184 1903 270 1972 eires
284 1903 420 1972 medium
436 1913 645 1972 sustentatum
661 1903 757 1970 muris
773 1910 805 1970 et
820 1903 998 1990 columpnis
1011 1911 1090 1985 octo,
1108 1902 1231 1970 duobus
1246 1901 1454 1988 votbiuginis

184 2027 414 2096 cireumolsuso
429 2027 573 2114 postibus
588 2036 667 2108 neto,
685 2027 827 2094 oosmitis
843 2028 955 2104 tribus,
972 2027 1070 2095 muris
1085 2027 1223 2108 duobus,
1239 2026 1457 2114 pectorulibus

184 2159 331 2238 qoeuuor
346 2169 416 2218 oum
431 2150 584 2218 osnoellis
599 2150 747 2220 ostiorum
764 2161 795 2220 et
810 2159 895 2220 reoto
917 2152 1057 2218 osneello
1078 2171 1139 2218 uno
1160 2161 1191 2218 et
1210 2151 1392 2238 pauimento
1414 2149 1457 2217 de

183 2277 389 2342 marmoribus
416 2275 500 2344 olbis
525 2296 583 2362 per
609 2275 793 2343 incisionem
820 2275 1084 2344 rotunditatem
1111 2275 1270 2342 coloribus
1296 2283 1329 2342 et
1351 2273 1456 2344 rubris

183 2420 252 2468 eom
273 2398 409 2466 desento.
431 2397 474 2466 ud
493 2399 654 2466 meridiem
675 2398 769 2464 huius
789 2399 859 2466 suis
878 2419 1011 2484 mogus,
1042 2398 1134 2464 ouius
1153 2398 1365 2485 pauimentum
1384 2397 1455 2466 siue

184 2521 404 2604 marmoribus,
421 2529 598 2588 sustentatu
612 2521 709 2588 muris
725 2532 757 2588 et
771 2522 946 2610 oolumpuis
963 2522 1088 2590 duobus
1103 2521 1228 2607 mugnis
1244 2522 1456 2610 eireurosepto

184 2645 330 2731 postibus
346 2644 526 2712 marmoreis
541 2663 610 2726 sex,
628 2665 690 2712 uuo
705 2645 805 2712 issico
820 2653 921 2726 neoto,
938 2645 1080 2712 oenoello
1096 2665 1172 2724 uno,
1196 2644 1320 2732 gipseis
1334 2645 1455 2715 tobulis

184 2787 254 2834 eum
273 2767 363 2836 vitris
383 2767 549 2836 defeetiue.
566 2768 612 2834 od·
624 2767 784 2836 meridiem
805 2769 901 2836 buius
921 2768 1096 2838 seeundum
1111 2777 1244 2856 purtem,
1268 2791 1332 2856 quo
1347 2777 1397 2836 est
1410 2769 1455 2836 od

183 2891 347 2973 orientem,
373 2891 553 2958 cubibulum
573 2899 605 2958 et
620 2911 658 2958 ex
673 2892 798 2959 duubus
813 2893 960 2980 pertibus
976 2892 1101 2960 stiliens
1117 2901 1248 2972 tectum,
1271 2902 1456 2962 sustenten-

183 3025 248 3084 tum
273 3015 372 3084 muris
399 3023 431 3084 et
456 3017 633 3103 columpnis
659 3035 723 3083 ser.
755 3017 788 3084 in
815 3016 973 3087 eubiculo
992 3017 1179 3084 nominatum
1210 3017 1458 3105 oireumseptum

182 3142 289 3225 muris,
306 3159 392 3213 muro
408 3161 588 3224 marmoreo,
606 3143 735 3210 eosmite
748 3151 779 3210 ot
791 3142 1003 3229 pectoralibus
1016 3141 1141 3211 duobus
1156 3143 1453 3213 sinemermoribus.

183 3265 225 3332 ed
244 3287 391 3334 eoeneum
406 3265 501 3337 huius
516 3275 551 3333 et
563 3286 673 3333 uersus
688 3265 848 3333 meridiem
868 3267 1076 3339 oooidentelis
1098 3267 1199 3353 pertis
1223 3267 1363 3334 eiusdem
1384 3267 1455 3336 sebe

184 3393 328 3479 luqueer,
353 3390 438 3480 quod
454 3393 570 3460 dieibrr
589 3392 804 3472 eurioorilum,
829 3413 899 3458 eum
914 3391 1039 3458 duobus
1062 3391 1220 3477 ligetune,
1242 3401 1456 3462 sustentatum

184 3516 282 3584 moris
314 3523 344 3583 et
374 3516 551 3603 columpnis
586 3516 725 3596 duobus,
762 3523 854 3602 poste
883 3533 1053 3582 marmoreo
1088 3535 1149 3582 uno
1180 3523 1213 3584 et
1240 3517 1455 3604 peuimeutum

186 3659 281 3727 opere
304 3641 466 3726 plumario.
495 3639 715 3708 adorientem
741 3637 837 3706 huius
864 3645 896 3704 et
921 3657 1031 3706 uorsus
1057 3639 1217 3708 meridiem
1244 3643 1338 3712 unius
1364 3641 1457 3713 eubi-

185 3764 248 3832 euli
277 3772 309 3832 et
331 3762 447 3840 diruti,
475 3763 528 3830 ubi
552 3769 584 3828 et
607 3761 808 3841 semiustum,
837 3759 986 3830 eubiculo
1011 3761 1074 3828 duo
1091 3773 1133 3830 et
1159 3763 1302 3832 dirritum
1328 3766 1457 3834 omniuo

185 3889 312 3977 putride
335 3888 537 3974 diseooperte
556 3893 589 3953 et
608 3885 678 3952 sine
699 3885 880 3972 puiumenbo
904 3894 1081 3956 sustentate
1107 3889 1204 3954 muris
1223 3899 1256 3956 et
1278 3891 1456 3978 columpnis

185 4034 241 4080 sex
263 4033 283 4078 u
305 4019 389 4080 terro
408 4019 441 4078 et
459 4011 596 4098 desuper
623 4008 722 4076 saluis
750 4008 960 4078 existentibus
986 4030 1095 4078 uersus
1127 4012 1289 4082 meridiem
1317 4013 1457 4085 edifioiis

186 4137 361 4206 oouoelluru
380 4136 538 4204 ostiorum·
550 4132 757 4202 marmoribus
778 4132 914 4214 duobus,
936 4134 969 4200 in
991 4133 1109 4220 quibus
1128 4135 1257 4206 inuento
1275 4147 1350 4206 suut
1364 4139 1458 4209 olou-

188 4267 254 4326 stre
275 4260 376 4326 ferreo
396 4267 545 4344 touquom
567 4256 656 4341 virge
680 4255 826 4324 undeoim
849 4277 920 4324 eum
943 4258 1070 4326 circulis
1092 4259 1202 4326 deeem
1225 4273 1258 4328 et
1279 4271 1357 4332 uoto.
1382 4283 1458 4332 uer-

187 4405 243 4450 sus
269 4381 420 4448 orientem
445 4391 559 4466 magne
585 4379 653 4446 sele
679 4387 711 4448 et
736 4379 778 4448 od
801 4379 961 4450 meridiem
989 4379 1098 4448 berum
1125 4383 1285 4454 domorum
1307 4385 1459 4460 solerium

187 4506 420 4592 discoopertum
441 4511 474 4570 et
493 4523 530 4570 ex
545 4511 635 4590 perte
650 4513 838 4592 ooopertum,
856 4513 1037 4592 coopertum
1054 4505 1086 4572 in
1102 4515 1192 4593 porte
1206 4507 1369 4594 iuquesris
1384 4531 1461 4597 pro-

189 4641 258 4716 pter
273 4628 362 4716 tigno
376 4647 541 4711 ostensus,
567 4635 774 4696 sustentatum
791 4629 1007 4716 leptooulsmis
1022 4629 1148 4698 duobus
1164 4637 1196 4698 et
1210 4631 1459 4718 pauimentutum

190 4755 230 4822 de
246 4754 452 4826 marmoribus
469 4753 571 4822 rubris
590 4763 622 4822 et
636 4755 726 4822 olbis
750 4757 791 4822 ub
807 4754 866 4822 huc
883 4755 994 4824 uniens
1010 4777 1162 4826 moeusus
1178 4767 1373 4828 snsmnetus
1387 4757 1461 4828 edi·
