3182 5264
1281 353 1324 418 ³5

75 548 109 632 τῴ
133 549 256 632 τοιούτιμ
281 543 368 634 ὁρκιρ
404 551 641 634 χρυσόβουλλυς
675 551 770 630 λόγος
806 560 859 614 τοῦ
896 547 1043 634 ἀοιδίμου
1080 549 1236 632 βασιλέως
1271 549 1328 612 καί

73 674 272 757 περιποθήτου
307 673 399 735 θείου
435 683 489 758 τῆς
527 675 692 756 βασιλείας
728 696 788 760 μου
817 683 875 758 κῦρ
903 671 1057 758 Μανουήλ
1080 669 1328 757 ποῦ’Κομνηνοῦ

75 797 133 880 ἔχει
148 791 254 868 ούτως·
272 795 338 860 ἐπεὶ
357 795 387 860 οἱ
405 801 614 864 συνετώτατοι
638 799 807 862 κὸνσουλοι
830 802 886 862 καί
903 797 1079 884 σύμβουλοι
1094 799 1150 861 καὶ
1165 791 1185 882 ἡ
1202 796 1328 888 πληθύς

74 921 170 984 ὁπααα
196 931 251 1008 της
280 925 466 1010 κοινότητος
498 933 551 988 τοῦ
574 927 715 1009 κάστρου
750 921 774 988 Γ
777 925 902 1002 ενούας,
939 922 1218 997 ἐξαποστείλαντες
1252 922 1329 1006 πρὸς

73 1045 117 1129 την
143 1047 305 1128 βασιλείαν
341 1068 401 1132 μου
437 1045 676 1134 ἀπσκρισιόριον
713 1045 814 1112 αότιῦν
847 1049 899 1110 τόν
930 1049 1165 1135 φρονιμώτατον
1196 1042 1330 1129 ’.ίμίκον

73 1169 100 1230 δὲ
121 1166 261 1254 Μούρτα,
287 1169 500 1236 ἐνδεδύκασιν
524 1173 623 1254 τούτῳ
644 1168 835 1256 τρακταΐσαι
858 1175 914 1234 καί
938 1179 1147 1256 συμφωνῆσαι
1171 1171 1251 1255 μετὰ
1275 1175 1331 1252 τῆς

73 1294 225 1374 βασιλείας
255 1317 315 1378 μου
343 1300 414 1380 περὶ
442 1293 484 1358 ιύν
507 1293 696 1382 ἠβούλοντο,
722 1294 740 1360 ὁ
763 1297 798 1358 δέ
822 1296 1016 1378 καταλαβὼν
1043 1297 1122 1378 πρός
1150 1295 1206 1380 την
1234 1293 1330 1376 βασι-

72 1417 149 1478 λείαν
173 1440 232 1502 μου
255 1423 311 1481 καί
335 1416 382 1506 ἐφ’
408 1417 516 1482 ἱκανόν
540 1423 610 1504 περί
627 1430 686 1484 τιῦν
711 1422 859 1483 τοιούτων
880 1416 1073 1504 τρακταίσας
1098 1417 1228 1504 ἐποίησε
1253 1439 1333 1502 συμ-

72 1549 178 1628 φωνίαν
200 1545 255 1628 την
283 1541 355 1630 παρ’
386 1541 483 1608 αὐτοῦ
512 1556 675 1624 γεγονυῖαν
704 1550 759 1608 καί
788 1543 827 1608 δι’
857 1541 954 1630 ὁρκου
983 1545 1234 1628 βεβαιωθτῖσαν,
1261 1543 1332 1608 ὶδυύ

72 1662 160 1752 καὶὴ
188 1669 336 1749 βασιλεία
365 1691 425 1753 μου
455 1670 508 1732 διὰ
537 1671 572 1732 τό
602 1667 728 1748 ἀγαθόν
752 1670 898 1756 θέλημα,
929 1668 946 1732 δ
974 1673 1130 1756 κίκτηπαι
1156 1672 1233 1754 πρός
1261 1667 1333 1738 τούς

71 1790 205 1863 ἐποίκους
221 1802 278 1856 τοῦ
294 1794 438 1856 τοιούτου
455 1797 611 1878 κάστρου,
629 1798 685 1858 καὶ
709 1795 762 1858 διὰ
787 1795 842 1880 την
867 1793 1013 1858 δουλείαν
1037 1793 1094 1858 καὶ
1117 1796 1173 1880 την
1197 1791 1332 1870 εύνοιαν,

71 1915 101 2000 ἣν
127 1913 337 2002 ὁμολογοῦσιν
368 1915 547 2004 ἐκπληροῦν
574 1921 652 2003 πρός
680 1920 735 2004 τὴν
765 1890 929 2001 βασιλείαν
957 1941 1019 2004 μου
1047 1923 1104 1982 καί
1127 1919 1183 2004 τήν
1207 1915 1333 2004 Ῥωμα-

70 2043 127 2102 νίοιν
154 2039 197 2113 εἰς
233 2045 286 2104 τόν
321 2041 422 2104 αίιῦνα
452 2043 504 2106 τόν
536 2039 674 2118 ἅπαντα,
710 2044 979 2128 καθυπισχνεῖται
1013 2043 1067 2108 διὰ
1095 2051 1150 2106 τοῦ
1177 2045 1333 2127 παρόντος

71 2166 298 2250 χρυαοβούλλου
327 2167 425 2246 λόγου
460 2163 559 2252 αύτῆς
595 2164 757 2230 ἐπιδοῦναι
792 2179 856 2240 τοῖς
888 2164 1069 2242 Γενουΐταις
1105 2166 1244 2252 ἔμβολον
1278 2169 1334 2232 καί

71 2289 184 2351 στάλαν
208 2293 264 2352 καί
289 2287 465 2375 ἐκκλησίαν
490 2288 577 2363 ἐντός
601 2300 657 2376 τῆς
680 2289 951 2370 Μεγαλοπόλπως,
976 2293 1090 2364 καθὼς
1116 2288 1149 2354 ἐν
1173 2292 1215 2376 τῷ
1238 2310 1333 2369 γεγο-

71 2415 125 2475 νότι
149 2409 255 2484 αὐτοῖς
278 2415 444 2498 πρακτικῷ
466 2413 618 2500 δηλοῦται
645 2419 715 2500 περί
746 2417 867 2494 τούτου,
892 2416 1045 2480 δίδοσθαι
1069 2415 1105 2478 δέ
1130 2419 1185 2478 καί
1209 2412 1253 2498 τῷ
1275 2414 1334 2476 κό·

72 2557 141 2620 στριμ
169 2535 193 2602 Γ
196 2539 309 2609 ενοόας
337 2542 393 2600 καί
422 2549 461 2624 τη
489 2541 650 2624 καινότητι
679 2543 774 2624 χάριν
806 2539 973 2624 σολεμνίου
1010 2537 1143 2626 ἐτησίας
1176 2534 1335 2623 ύπόρπυφα

70 2665 252 2724 πεντακόσια
277 2667 332 2724 καί
358 2663 489 2744 βλαττία
514 2663 570 2726 δύο
594 2667 650 2726 καί
675 2663 718 2748 tq}
741 2661 982 2748 αρχιεπισκόπῳ
1013 2662 1153 2734 Γενοόας
1177 2656 1336 2746 ύπὸρπυρα

71 2783 214 2870 ἑξήκοντα
237 2791 295 2848 καί
320 2787 466 2868 βλατιίον
491 2787 538 2862 ἓν,
564 2785 618 2874 ἀφ’
642 2783 683 2850 ὧν
708 2783 873 2872 ἐδόθησαν
894 2791 951 2850 καί
975 2795 1029 2850 νῦν
1053 2791 1092 2850 τὰ
1116 2795 1170 2850 τοῦ
1195 2790 1335 2873 κόστρου

72 2914 118 2971 καί
145 2919 200 2995 της
228 2913 414 2994 κοινότητος
444 2911 596 2994 σολίμνια
625 2907 700 2994 ύπὲρ
729 2913 851 2994 χρόνων
879 2911 959 2974 δέκα
987 2911 1041 2974 διὰ
1065 2919 1119 2974 τοῦ
1145 2909 1334 2994 ἐποκρισια-

72 3037 127 3114 ρίου
158 3029 261 3097 αύτιῦν
290 3042 344 3098 τοῦ
373 3037 609 3121 φρονιμωτάτου
638 3032 773 3118 Ἀμίκου
803 3035 837 3096 δὲ
866 3033 1007 3120 Μούρτα.
1037 3035 1093 3100 σύν
1128 3035 1250 3106 τούτοις
1279 3036 1335 3096 καί

71 3157 231 3242 διορίζεται
266 3159 550 3243 κομμερκεύεσθαι
580 3154 694 3230 αότούς
723 3151 836 3234 οὕτως,
865 3157 964 3244 ἤγουν
993 3156 1025 3222 ἐν
1055 3162 1111 3243 μὲν
1140 3169 1179 3244 τη
1211 3159 1334 3243 θεοφυ-
1447 3221 1450 3230 ,

72 3281 167 3366 λόκτῳ
191 3279 418 3360 Μεγαλοπόλει
442 3281 486 3354 είς
509 3285 548 3346 τόι
573 3279 688 3346 ἑκατόν
712 3285 869 3368 τέσσαρα,
898 3280 931 3346 ἐν
959 3282 994 3345 δὲ
1023 3293 1090 3355 ταῖς
1118 3281 1242 3352 λοιπαῖς
1266 3282 1333 3366 χό·

72 3429 128 3488 ραις
155 3416 211 3492 τῆς
239 3404 431 3491 Ῥωμανίας,
461 3409 575 3478 καθὼς
603 3411 660 3470 καί
688 3405 718 3470 οἱ
745 3408 849 3472 λοιποὶ
876 3405 1007 3472 Λατῖνοι
1038 3405 1067 3471 οἱ
1091 3407 1231 3480 διδόντες
1254 3426 1336 3490 κομ-

72 3536 188 3616 μὲρκια,
226 3529 404 3620 ὀφείλουσιν
434 3531 468 3594 δὲ
498 3531 744 3620 φυλλοίσσεσθαι
768 3531 798 3596 οί
825 3529 987 3596 Γενουΐτοιι
1014 3536 1069 3596 καί
1100 3536 1139 3598 τό
1162 3535 1335 3618 πράγματα

73 3652 160 3720 αὐτῶν
185 3667 256 3720 σιῦα
281 3655 314 3720 ἐν
339 3659 458 3730 πάσαις
475 3667 542 3728 ταῖς
566 3660 687 3744 χώραις
711 3666 766 3742 τῆς
791 3658 956 3740 βασιλείας
981 3681 1050 3742 μου.
1077 3657 1104 3722 εἰ
1127 3657 1162 3722 δέ
1186 3680 1232 3730 τις
1253 3656 1331 3729 ἴσως

73 3781 164 3868 βλάβη
188 3783 276 3866 παρά
298 3801 380 3852 τινος
401 3782 522 3852 τούτοις
539 3777 743 3866 ἐπισυμβαίη,
769 3777 948 3867 ὁφείλουσιν
972 3777 1126 3865 εὑρίσκειν
1150 3784 1186 3846 τό
1210 3783 1334 3844 δίκαιον

72 3909 144 3988 παρὰ
168 3913 225 3990 της
250 3905 414 3986 βασιλείας
438 3899 537 3990 ἡμῶν,
562 3905 676 3976 καθὼς
700 3903 784 3968 ἐστιν
809 3903 905 3976 εἰκός·
929 3902 1015 3970 ἀλλὰ
1039 3907 1094 3968 καί
1119 3901 1255 3990 ὁπηνίκα
1279 3902 1335 3982 ἐγ-

72 4029 198 4092 καλοῦσι
227 4031 314 4091 κατό
345 4049 426 4099 τινος
459 4025 618 4114 Ῥωμαίου
645 4051 664 4113 η
694 4025 888 4106 ἀλλογενοῦς
921 4025 1049 4092 ἐντόπιον
1083 4036 1137 4113 τῆς
1169 4027 1335 4110 βασιλείας
1432 4021 1434 4026 ’

72 4175 136 4233 μου,
163 4151 217 4218 ἵνα
253 4149 422 4238 τύρίσκωσι
457 4154 580 4216 δίκαιον
609 4153 642 4218 ἐν
672 4163 710 4238 τῇ
740 4148 823 4240 αὐλῇ
859 4149 967 4238 αύτης,
995 4151 1048 4216 ἵνα
1076 4153 1111 4216 δὲ
1142 4153 1259 4238 ἔχωσιν
1288 4150 1335 4216 ἐπ’

73 4277 169 4351 ἀδείας
199 4281 239 4342 τὰ
268 4281 447 4357 γενουῐτικὰ
470 4277 565 4342 πλοῖα
593 4279 879 4362 πραγματεύεσθαι
903 4275 936 4340 ἐν
963 4281 1080 4349 πόσαις
1104 4289 1170 4350 ταῖς
1195 4274 1335 4364 ὁπουδή-

72 4424 135 4468 ποτε
153 4408 274 4490 χιύραις
296 4412 352 4490 τῆς
370 4403 534 4486 βασιλείας
552 4424 626 4487 μου,
652 4399 726 4466 ἄνευ
742 4409 799 4487 τῆς
823 4399 955 4474 Ῥωσίας
979 4407 1035 4468 καί
1059 4413 1118 4468 τιῦν
1141 4401 1335 4490 Ματράχων,

73 4525 92 4590 εἰ
114 4531 153 4614 μὴ
177 4529 254 4600 ἴσως
279 4525 381 4614 ῥητιῦς
411 4525 510 4602 ἐστιν,
540 4521 592 4590 ὅτε
621 4532 678 4590 καί
701 4534 793 4588 τοῦτο
821 4525 1000 4612 ἐκχιυρηθη
1026 4527 1146 4600 τούτοις
1169 4529 1255 4612 παρὰ
1280 4533 1336 4612 τῆς

73 4649 224 4728 βασιλείας
253 4674 323 4738 μου.
354 4647 492 4737 ὁπηνίκα
521 4649 555 4712 δὲ
586 4648 782 4728 είσαγοίγιυσι
808 4653 1031 4734 πραγματείας
1059 4647 1092 4714 ἐν
1121 4661 1159 4738 τῇ
1183 4648 1336 4730 Μεγαλυ-

73 4777 163 4856 τόλει,
187 4782 243 4844 καί
274 4773 310 4842 ού
339 4777 519 4864 δυνηθῶσιν
547 4773 623 4848 ἴσως
652 4776 767 4846 ταύτας
798 4775 1013 4860 διαπωλῆσαι,
1049 4773 1102 4841 ἵνα
1138 4780 1262 4862 γίνηται
1286 4773 1336 4850 ἐπί

1086 4885 1101 4940 a
1119 4880 1135 4916 fl
