3182 5264
156 1325 201 1455 P
201 1390 447 1477 alaeograpbias
458 1409 592 1477 graecae
604 1389 748 1458 conditor
760 1389 1003 1466 eruditissimus,
1018 1385 1199 1454 Bernardus
1210 1385 1325 1454 blost-

63 1516 204 1593 iaacoo‚
229 1514 281 1582 cui
304 1533 400 1580 unum
419 1522 540 1582 tantum
560 1513 657 1601 idque
678 1513 758 1582 satis
779 1513 916 1580 lacerum
932 1511 1122 1600 byzuntinae
1143 1510 1255 1578 aetatis
1276 1509 1327 1578 di·

61 1637 156 1724 ploma
172 1638 205 1704 11
221 1645 368 1725 promptu
383 1646 480 1716 esest,
496 1637 565 1707 inre
580 1638 780 1724 querebatur,
798 1635 859 1704 uisi
875 1635 1075 1702 orientalium
1085 1635 1249 1722 regionum
1261 1653 1325 1700 ruo·

61 1761 200 1830 nasteriis
215 1761 458 1831 accuratissime
472 1761 697 1849 pervestigatio
710 1779 772 1826 uon
788 1779 882 1848 posse
899 1779 961 1826 non
978 1776 1121 1826 mancum
1134 1757 1217 1824 exire
1232 1777 1328 1843 grae-

61 1905 155 1952 corum
175 1884 383 1972 diplomatum
403 1885 592 1953 thesaurum.
609 1885 695 1971 qnod
712 1883 905 1952 desiderium
921 1882 1129 1950 iustissimum
1145 1901 1215 1956 curn
1231 1880 1325 1948 nobis

62 2011 177 2097 explere
201 2031 264 2078 non
282 2011 442 2094 licuisset,
463 2018 568 2078 111111
589 2010 737 2097 contigit,
759 2009 846 2078 utin
867 2007 978 2078 ltaliae
998 2007 1165 2076 tabulariis
1186 2005 1326 2095 publicis

61 2157 113 2202 non
126 2137 387 2206 contemnendum
399 2135 606 2224 diplomatum
618 2155 802 2222 graemrnm
813 2133 1000 2202 ineditorum
1011 2133 1169 2220 rebusque
1184 2139 1248 2198 1111
1262 2131 1326 2200 ita·

60 2259 123 2326 liois
141 2273 237 2348 quam
259 2259 440 2348 byzantinis
455 2259 655 2328 illustrandis
666 2258 906 2328 utilissimarum
919 2256 1122 2346 spicilegium
1136 2257 1322 2325 faceremus.

140 2385 370 2472 Antiquissima
386 2385 514 2471 quidem
526 2383 663 2456 omniurn
678 2405 716 2451 ex
732 2395 769 2452 1ο
785 2403 900 2469 genere
913 2383 1117 2472 diplomatum
1128 2400 1323 2468 graecorum,

62 2529 132 2595 quae
147 2509 245 2578 bodie
259 2509 296 2574 iu
308 2509 420 2578 ltaliae
436 2508 603 2576 tabulariis
618 2507 732 2588 iacent
748 2507 810 2574 tria
825 2507 858 2574 in
870 2507 1031 2575 Vaticanis
1047 2505 1174 2574 seriniis
1190 2505 1325 2572 abscon·

61 2633 119 2702 dita
140 2633 234 2702 nobis
255 2653 339 2700 nunc
359 2631 487 2719 quidem
507 2631 600 2699 edere
620 2652 683 2698 non
698 2631 800 2700 licuit:
823 2639 897 2698 sunt
917 2637 1019 2699 autern
1036 2631 1262 2698 Camunnorum
1281 2627 1325 2695 ad

60 2757 217 2845 pontifices
237 2757 393 2826 Romanos
409 2755 503 2824 datas
518 2756 687 2844 epistolae.
712 2769 842 2842 qnorum
859 2754 984 2822 duabus
998 2755 1131 2822 loannes
1147 2753 1325 2822 Oomnenns

61 2901 121 2948 enm
140 2879 348 2969 pontificibus
368 2879 491 2948 calixto
509 2879 548 2946 ll.
572 2901 599 2946 a.
625 2883 720 2960 1121,
741 2877 925 2946 Innocentio
947 2877 985 2946 ll.
1003 2899 1032 2944 a.
1051 2875 1325 2944 1121111111-

60 3005 167 3072 siarnm
184 3019 333 3072 romanas
348 3010 381 3072 et
394 3023 531 3088 graecae
544 3001 661 3070 unione
676 3002 758 3089 agit,
775 3003 868 3070 tertia
884 3001 1012 3068 Manuel
1026 3001 1202 3084 Oomneuns
1217 2999 1326 3068 Ludo-

61 3127 151 3195 ricnm
172 3125 600 3214 111111111111111111
620 3134 719 3194 terras
740 3142 849 3194 sacras
868 3124 1117 3212 proticiscentem
1138 3145 1158 3192 a
1178 3144 1214 3191 se
1232 3122 1326 3192 adin·

59 3253 169 3320 tamiri
185 3251 229 3320 ad
244 3251 418 3337 Eugenium
435 3249 487 3318 Ill.
504 3271 531 3316 a
553 3253 638 3318 1116
653 3249 808 3318 rescribit

138 3378 342 3465 Reliquorum
356 3397 442 3457 vcro,
462 3395 545 3462 quae
560 3395 618 3442 nos
635 3397 673 3442 ex
688 3373 1075 3444 tabulariornmlatibulis
1091 3393 1175 3440 nnnc
1190 3373 1323 3461 primurn

59 3504 85 3568 in
96 3505 197 3572 lucem
207 3502 336 3591 prodire
350 3502 513 3580 iussimnse
528 3522 548 3568 a
562 3507 716 3568 vestutate
731 3500 863 3568 maxime
878 3499 1019 3587 insignia
1031 3505 1104 3567 sunt
1119 3521 1166 3582 ea,
1185 3519 1267 3587 quae
1283 3499 1324 3568 dc

60 3627 237 3696 1111111111
251 3625 453 3696 laonensium
467 3625 551 3692 inter
572 3623 797 3712 rempublicam
814 3631 845 3692 et
859 3625 1064 3712 imperatores
1081 3645 1118 3692 er
1134 3623 1325 3710 Angelorum

60 3751 173 3818 familia
188 3751 338 3820 oriundos
353 3749 531 3839 perscripta
545 3749 578 3816 in
590 3749 778 3816 Tauriuensi
794 3747 950 3816 tabulario
966 3748 1095 3837 publico
1112 3755 1323 3814 asservantur.

62 3874 88 3942 in
108 3875 228 3944 obortis
248 3875 450 3965 bombycinis
470 3881 597 3944 exarata
620 3881 693 3942 sunt
714 3881 900 3958 stramento,
924 3873 986 3942 uisi
1002 3873 1089 3962 quod
1105 3873 1326 3961 imperatorum

62 4013 169 4070 nanus
190 4001 271 4070 actis
293 3999 657 4086 sollemnibnsipsorum
683 3999 824 4082 nomina,
847 3997 995 4087 epistolis
1016 3997 1170 4066 mensium
1190 4003 1221 4064 et
1241 3994 1326 4062 indi-

61 4125 302 4194 etiounmnotas
324 4124 452 4192 rubrica
474 4123 675 4211 subscripsit.
692 4123 822 4190 Graecis
838 4123 1004 4210 exemplis,
1027 4143 1112 4190 more
1132 4119 1208 4189 inde
1226 4142 1246 4190 a
1265 4121 1326 4189 Pa·

62 4248 213 4336 laeologia
232 4259 370 4324 serrato,
390 4255 446 4316 ant
465 4247 611 4316 subiecta
629 4257 684 4315 aut
704 4267 844 4316 seorsum
860 4247 970 4316 addita
984 4253 1033 4314 est
1047 4245 1264 4333 interpretatio
1278 4247 1327 4314 ls-

61 4372 128 4453 tina
146 4373 259 4442 eadem
273 4373 507 4460 subscriptione
521 4373 616 4440 rubra
632 4369 792 4438 distincta.

143 4497 273 4571 Rerum,
295 4514 425 4584 quornm
446 4493 589 4564 notitiam
607 4493 689 4562 haec
709 4493 897 4562 documenta
912 4494 1058 4572 offerunt,
1080 4492 1247 4581 explicatio
1268 4515 1325 4580 pe-

66 4620 155 4688 teuda
173 4619 287 4688 111111
304 4618 453 4688 Guilelmi
467 4617 561 4707 Heyd
576 4619 613 4686 V.
630 4617 678 4688 01.
696 4617 817 4686 libellis
833 4617 873 4684 de
895 4617 1041 4685 Italorum
1065 4617 1213 4696 coloniis,
1237 4615 1326 4683 ouius

67 4743 118 4810 riri
135 4743 373 4831 diligentissimi
389 4744 593 4833 quaestiones
610 4763 646 4811 ex
666 4740 717 4810 his
731 4761 842 4810 recens
865 4740 1037 4831 publicatis
1052 4739 1260 4810 monumentis
1275 4738 1328 4808 bic
