3182 5264
1311 367 1373 428 XV

100 553 131 618 in
147 557 262 620 mm
278 552 426 622 edificate
440 551 595 638 gradibus
615 553 747 640 petrinis
763 561 796 622 et
810 553 999 624 mormoreis.
1024 573 1135 626 uerene
1151 575 1297 627 ocossnm
1313 557 1371 626 ho-

98 695 164 744 rum
182 685 213 742 et
228 677 313 744 cume
330 676 477 746 bslneum
493 697 563 742 cnm
579 677 703 744 calciun
717 676 897 746 edificatum
914 697 984 746 eum
1000 678 1068 744 solo
1089 677 1214 748 edificio
1237 699 1370 750 murmo-

98 801 160 870 reis
181 802 299 872 coelis
314 811 348 872 et
367 802 539 872 subtilibus
561 803 739 890 columpnis
762 801 888 872 dnobus
908 809 940 872 et
959 799 1150 891 imeginibus
1173 825 1244 872 enm
1257 805 1369 876 musio.

97 925 253 1012 octuplum
273 926 410 996 ecclesie
425 927 668 1016 emcnmseptnm
683 937 715 996 et
729 927 830 1014 portis
846 927 997 996 clnnsnm.
1015 928 1048 994 in
1064 926 1177 996 endem
1199 928 1289 998 curis
1310 950 1370 1018 pu·

96 1056 167 1116 teus
189 1070 262 1118 enm
276 1070 331 1120 ore
346 1059 378 1120 et
391 1049 596 1120 lseuusribns
609 1051 727 1133 tribus,
756 1049 798 1118 sd
813 1049 1008 1121 occidentem
1023 1050 1177 1120 eiusmodi
1198 1051 1284 1120 curie
1306 1051 1371 1124 ulis
1513 1131 1520 1146 ,

96 1173 199 1254 euris,
222 1193 284 1260 qne
304 1182 354 1242 est
368 1194 465 1264 snprs
480 1174 649 1244 cisternam
662 1173 850 1244 dntiionitn.
871 1193 934 1262 qne
954 1173 996 1242 sd
1019 1175 1263 1262 septentrionem
1283 1175 1369 1244 eine·

95 1294 182 1362 modi
201 1296 288 1364 curie
307 1303 384 1364 suut
403 1295 576 1378 domicilio,
593 1297 722 1364 iuueuts
741 1295 869 1384 penitus
890 1304 965 1367 sunt
985 1295 1147 1366 destructe
1164 1297 1206 1366 sb
1222 1297 1370 1366 incendio

95 1418 272 1498 addenti,
298 1419 378 1488 eolis
404 1419 714 1508 superexistentibne
739 1419 887 1490 undecim
912 1420 1010 1488 muris
1038 1419 1232 1490 cementieiis
1258 1443 1370 1492 versus

94 1543 268 1622 meridiem,
281 1563 346 1631 que
357 1551 431 1612 eunt
442 1544 612 1612 coniuncte
625 1542 684 1612 riri
699 1543 889 1612 momscno
899 1543 1009 1612 Sancti
1020 1545 1172 1612 Demetrii
1187 1542 1370 1614 hsbitsonls

93 1663 202 1734 infime
228 1665 339 1734 decem
361 1673 508 1756 cooperto
527 1675 610 1735 tecto
631 1689 669 1734 er
690 1686 754 1735 nne
773 1673 864 1755 porte
885 1667 1018 1736 stillanti
1040 1667 1250 1755 circumsepto
1265 1675 1298 1738 et
1311 1689 1369 1757 po-

94 1789 155 1858 stis
171 1790 298 1868 chose,
318 1811 380 1878 qne
395 1799 576 1862 tonentnrs
598 1789 734 1858 disemis
756 1791 965 1878 peusiousriis
985 1811 1175 1879 unaqueque
1197 1813 1255 1880 pro
1270 1793 1369 1861 nomi·

95 1921 198 1986 suste
213 1933 291 1996 uno;
312 1913 432 1986 hebent
447 1923 550 1986 entem
565 1914 765 1984 latitudinem
781 1933 904 1984 smnro
920 1915 1031 1984 Sancti
1044 1917 1195 1984 Demetrii
1211 1923 1244 1984 et
1258 1939 1368 1986 sersus

93 2038 343 2126 septentrionem
359 2039 533 2108 cubitorum
554 2039 696 2126 quinque
711 2047 743 2108 et
758 2057 868 2106 verens
883 2037 1078 2108 occidentem
1098 2039 1169 2106 eins
1188 2039 1252 2108 sliu
1271 2039 1367 2110 hebi·

94 2160 201 2230 tsenln
219 2173 291 2230 octo
307 2169 456 2250 cooperte
470 2181 528 2250 per
542 2161 651 2242 solum,
669 2167 878 2230 motum
892 2161 1004 2241 muris,
1021 2163 1230 2250 enermseptn
1246 2171 1277 2232 et
1291 2185 1367 2252 por-

93 2285 137 2354 tis
153 2285 278 2367 onnes,
295 2307 357 2374 qne
372 2286 492 2358 hebent
506 2295 538 2354 et
552 2287 625 2376 ipss
639 2285 837 2356 letiordinem
853 2305 915 2355 sns
930 2286 1054 2354 cubitos
1069 2287 1209 2374 quinque
1224 2293 1257 2356 et
1271 2287 1366 2356 dimi-

93 2411 180 2479 dium
197 2422 230 2480 ct
244 2413 279 2480 iu
294 2411 485 2482 occidentali
501 2433 613 2482 versus
627 2412 790 2480 meridiem
805 2411 926 2480 esnello
944 2418 1036 2499 ports
1051 2433 1122 2480 cnm
1137 2412 1262 2482 duobus
1277 2415 1368 2484 ostiis

92 2535 132 2604 de
152 2537 273 2623 ligneis
296 2545 367 2606 octo
387 2537 573 2606 cubitorum
592 2536 626 2604 in
643 2534 754 2606 eedem
770 2535 1036 2604 concinnentem
1052 2543 1101 2604 est
1115 2537 1254 2606 sennen
1270 2537 1303 2604 in
1319 2545 1368 2606 te·

93 2659 224 2728 etudine
245 2660 382 2728 cisterne
395 2659 466 2730 siue
480 2679 544 2730 ore.
560 2659 680 2732 debers
698 2667 803 2728 sutem
819 2658 959 2728 edidcsri
980 2667 1013 2728 et
1031 2661 1163 2730 incense
1185 2659 1369 2732 hebitonnls

92 2781 268 2850 secundm
288 2783 423 2871 primum
442 2783 585 2854 habitum
609 2791 642 2852 et
664 2782 819 2871 sdsqusri
840 2773 973 2864 debent,¹
1002 2783 1056 2870 qni
1071 2782 1219 2854 habitunt
1232 2785 1266 2854 in
1280 2785 1368 2854 eins·

92 2905 178 2974 modi
199 2906 289 2976 eumn
307 2914 340 2976 et
359 2907 420 2978 soli
439 2907 473 2976 iu
488 2915 564 2996 potn
580 2923 686 2980 eorem
702 2913 734 2976 et
751 2915 830 2994 potu
848 2905 917 2974 solo
936 2906 1008 2976 sine
1028 2907 1240 2994 sdsqnutione
1260 2909 1368 2976 bslnei

93 3039 124 3098 et
142 3039 225 3119 potu
244 3029 452 3102 iumentorum
471 3045 610 3112 unsrun,
634 3051 674 3100 eo
693 3030 779 3120 qnod
798 3029 937 3098 cisterno
951 3030 995 3098 sit
1009 3029 1129 3098 domiui
1148 3037 1180 3100 et
1198 3031 1367 3101 sslnutoris

92 3152 190 3222 nonni
215 3153 289 3222 seen
311 3151 430 3222 Christi
453 3153 628 3224 sotionis.
649 3151 715 3222 lrlie
730 3152 791 3222 hec
804 3151 899 3220 modo
915 3151 1085 3240 descriptis
1101 3161 1133 3221 et
1148 3155 1319 3223 numeratis
1335 3161 1367 3223 et

92 3275 222 3344 numne
238 3275 495 3364 prudentissimis
514 3275 631 3362 legetis
648 3276 757 3344 (inune
773 3275 930 3344 Cnlielmo
945 3275 1093 3344 Tomello
1116 3283 1147 3344 et
1170 3277 1273 3346 Guidc
1290 3277 1367 3366 Spi-

94 3403 167 3468 nnle
179 3421 314 3490 presens
324 3399 505 3470 traditionis
517 3400 689 3489 prsctionm
703 3399 825 3468 euobis
837 3399 955 3467 editum
968 3407 1018 3468 est
1030 3419 1139 3468 meuse
1151 3407 1184 3468 et
1195 3400 1367 3472 indictione

95 3525 275 3614 prescripto
289 3545 372 3595 enno
387 3523 609 3594 sexmilleeimo
623 3523 917 3613 septingentesimo.
936 3523 1204 3612 Subscriptiones.

181 3651 203 3728 †
218 3651 339 3719 Seruus
354 3649 491 3738 potentis
506 3655 538 3716 et
553 3648 655 3718 esucti
671 3649 771 3716 nostri
791 3647 990 3736 impensioris
1006 3621 1231 3718 Constantinus
1246 3650 1365 3720 Pedis-

93 3774 171 3844 dire
188 3775 346 3857 recrees
366 3773 506 3862 potentis
521 3781 553 3842 et
568 3772 671 3842 suncti
689 3771 789 3840 nostri
809 3771 1008 3860 imperatoris
1029 3774 1161 3860 Sergius
1183 3775 1366 3862 prctonnbi·

92 3897 237 3966 lissimus
252 3897 390 3968 Coliuus.
406 3902 427 3978 †
442 3895 655 3966 Desimotstns
670 3895 897 3964 Constantinus
910 3895 1057 3963 Petriots

184 4023 379 4092 Documento
394 4021 545 4090 nonnullo
559 4040 676 4109 greces
697 4019 739 4087 nd
759 4019 944 4088 commercio
958 4020 1149 4107 Angelorum
1165 3997 1366 4111 ¹Pisnuneqne

92 4145 293 4234 reipublicse
313 4143 504 4234 pertinentis
519 4151 550 4214 et
569 4143 634 4212 slis
649 4141 805 4231 qnsedsm
826 4143 1002 4210 consimilis
1022 4164 1039 4209 e
1058 4143 1214 4214 tsbulsrio
1234 4143 1368 4214 Floren-

93 4269 161 4336 tino
176 4268 219 4336 nb
236 4265 379 4336 eiusdem
394 4265 543 4334 tobnlurii
558 4265 730 4354 preelectis
745 4285 846 4353 nnper
863 4265 965 4345 edito,
985 4265 1113 4334 euobis
1128 4267 1263 4355 repetite
1277 4277 1366 4338 sunt:

93 4393 134 4464 de
151 4395 270 4482 onnes
284 4413 349 4462 non
365 4399 415 4462 est
429 4391 516 4480 qnod
530 4391 675 4480 pluribus
692 4409 899 4479 exponemus,
920 4411 990 4460 cnm
1006 4389 1117 4458 eodem
1133 4399 1205 4460 notu
1219 4413 1368 4464 nuscum

93 4519 228 4607 reliquis
253 4517 452 4588 documentis
479 4515 588 4587 latinis
611 4523 647 4584 et
668 4515 769 4599 italis,
794 4514 913 4603 quibus
938 4515 1159 4604 imperatorum
1186 4537 1367 4604 graecorum

95 4663 168 4710 cnm
196 4643 291 4712 rebus
322 4639 461 4729 publicis
484 4639 601 4709 Pisone
630 4638 878 4726 Florentiuuqne
907 4644 1002 4726 pects
1028 4640 1238 4726 eontinentur,
1264 4641 1367 4712 eidem

96 4766 257 4854 preelecti,
273 4763 397 4832 sdditis
411 4762 617 4850 amplissimis
631 4761 873 4840 commentoriis,
890 4761 1072 4849 propediem
1088 4763 1278 4852 publicutnri
1289 4765 1365 4835 sint
