3182 5264
1091 262 1097 297 ί

178 334 255 402 Ὶ24

194 589 196 594 .
297 528 594 610 βἸσαάκιος
633 528 676 594 ἐν
713 531 895 618 Χριστῷ
932 533 986 618 τῷ
1023 530 1113 616 θειρ
1148 534 1310 604 πιστάς
1349 531 1481 614 βασι·

118 681 121 688 ·
208 653 313 728 λεδς
348 658 427 720 καί
462 650 769 742 αὐτοκράτωρ
804 652 1033 742 Ῥωμαίων
1069 652 1085 722 ὁ
1119 653 1399 734 Ἂγγελοςγ.

497 917 549 986 IV.
567 919 817 1020 (6700-1192)
832 939 940 988 mense
956 919 1050 1010 aprili
1065 919 1132 989 ind.
1148 921 1185 988 X.

209 1103 374 1176 Imperator
388 1101 523 1160 Ιεασοίιιε
538 1099 665 1174 Δαρείου
687 1105 795 1174 ίεραίοε
814 1099 903 1161 mittit
922 1106 963 1159 ad
982 1105 1207 1160 οοικπιιινιίταιαπι
1223 1103 1350 1168 lamae,
1373 1106 1482 1157 iureiu-

560 1227 656 1284 παπάο
671 1230 886 1301 confirmaturos
899 1229 1020 1301 foedera
1031 1231 1126 1302 saota.

298 1403 319 1482 †
342 1398 502 1473 Ἰσαάκιος
525 1399 558 1464 ὲν
574 1398 701 1488 Χριστῷ
720 1400 762 1486 tq}
784 1402 853 1488 θεῷ
875 1404 985 1476 πιστάς
1009 1401 1158 1486 βασιλεὺς
1182 1403 1377 1488 θευστερὴς,
1401 1399 1484 1478 ἅναξ

210 1527 373 1612 κραταιὸς,
409 1520 530 1610 άψηλός
564 1528 621 1590 καί
655 1523 705 1589 ἀεὶ
740 1523 914 1605 αδγουστυς
950 1531 1005 1590 καί
1040 1521 1244 1612 αὐτοκράτωρ
1274 1522 1439 1610 Ῥωμαίων
1468 1521 1487 1590 ὁ

209 1647 387 1730 Ἄγγελος,
412 1647 455 1734 τῷ
478 1651 680 1734 συνετωτάτη
706 1646 893 1738 ἐξουσιαστη
922 1659 977 1716 του
1006 1655 1146 1736 κάστρου
1173 1647 1312 1726 Γενοιίας
1334 1652 1391 1714 καί
1417 1661 1486 1722 τοῖς

211 1775 459 1864 φρονιμωτάτοις
476 1777 531 1840 καί
550 1776 752 1848 πιστοτάτοις
777 1785 814 1861 τη
839 1773 988 1858 βασιλεία
1011 1795 1072 1860 μου
1095 1775 1302 1850 κσονοοίιλοις
1326 1777 1383 1840 καί
1403 1795 1488 1859 συμ-

212 1897 340 1982 βούλοις
374 1905 430 1962 τυδ
461 1892 558 1964 αδτυδ
585 1899 725 1982 κάστρου
756 1899 811 1962 καί
848 1901 940 1962 παντὶ
978 1899 1021 1984 ιη’)
1054 1920 1087 1964 τε
1125 1896 1148 1964 Γ
1151 1899 1264 1970 ενυύας
1294 1897 1488 1984 πληρώματι

213 2023 268 2109 τὴν
292 2024 386 2108 χάριν
411 2015 508 2086 αὐτοῦ
536 2023 592 2086 καί
614 2023 650 2086 τδ
677 2018 804 2101 ἀγαθὸν
832 2021 975 2109 θέλημα.
1001 2018 1031 2086 οἱ
1054 2025 1261 2088 σονετάτατοι
1289 2019 1487 2106 ἀποκρισιοί-

213 2168 279 2232 ριος
297 2140 392 2231 ὑμῶν,
418 2140 435 2210 δ
459 2165 493 2210 τε
517 2142 541 2212 Γ
545 2144 685 2230 ιλίελμος
709 2141 865 2230 Τορνέλος
888 2141 945 2210 καὶ
968 2140 985 2209 δ
1008 2143 1102 2220 Γίδυς
1126 2143 1311 2223 Σπίνουλας,
1335 2145 1486 2212 καταλα-

214 2272 323 2353 βόντες
356 2271 434 2356 πρὸς
469 2269 524 2356 τὴν
560 2269 724 2354 βασιλείαν
748 2291 809 2356 μου
832 2274 889 2334 καί
913 2267 1042 2336 ἐνώπιον
1078 2265 1177 2358 αδτίρς
1216 2273 1345 2344 στάντες
1369 2272 1405 2336 τὸ
1429 2279 1488 2356 τῆς

214 2391 368 2481 ὑμετέρας
391 2397 573 2482 φρονήσεως
594 2397 727 2481 γράμμα
750 2405 788 2491 τη
813 2396 962 2480 βασιλεία
985 2415 1046 2482 μου
1071 2393 1280 2482 ἀνεκόμισαν,
1303 2395 1344 2461 δι’
1368 2392 1405 2462 αὖ
1428 2399 1489 2462 καί

213 2519 502 2608 πληροφορηδεῖσα
536 2514 555 2606 ἡ
585 2519 733 2603 βασιλεία
767 2541 828 2606 μου
852 2517 1058 2606 ἐνδεδομένων
1087 2521 1175 2608 ἔχειν
1201 2517 1315 2596 αότυδς
1344 2519 1376 2598 ἐξ
1400 2518 1488 2607 δμιῖιν

215 2647 250 2708 τὸ
275 2639 467 2730 τρακταΐσαι
490 2645 570 2729 μετὰ
595 2651 650 2730 τῆς
675 2639 774 2730 αὐλῆς
792 2651 848 2730 τῆς
869 2644 1035 2728 βασιλείας
1060 2667 1120 2731 μου
1143 2649 1213 2732 περί
1236 2655 1296 2712 τῶν
1320 2646 1489 2732 δελητίιυν

215 2763 284 2854 ὑμῖν
312 2771 369 2832 καὶ
397 2770 483 2833 κατὰ
511 2771 550 2834 τὰ
578 2765 740 2854 ἀρέσαντα
769 2779 808 2855 τη
837 2768 986 2852 βασιλεία
1025 2791 1086 2854 μου
1125 2773 1181 2833 καί
1209 2764 1316 2846 αὐτοῖς
1342 2779 1488 2857 ποιῆσαι,

216 2889 353 2978 εὐμενῶς
377 2913 410 2956 τε
436 2886 551 2966 αίτοδς
574 2891 769 2978 παρεδέξατο
792 2895 940 2978 καὶπερὶ
963 2889 1006 2958 ὧν
1030 2889 1161 2980 ἐζήτουν
1190 2890 1380 2990 τρακταΐσαι
1406 2893 1487 2960 διω-

217 3021 338 3104 ρίσατο,
362 3020 418 3082 καί
438 3016 559 3102 πολλὴν
576 3015 630 3102 τήν
648 3016 787 3104 σπουδὴν
810 3011 886 3102 ὑπὲρ
910 3025 965 3080 τοῦ
989 3019 1128 3102 κάστρου
1152 3013 1237 3104 ὑμῶν
1260 3017 1489 3098 εἰσαγαγόντες

217 3145 274 3226 καί
298 3139 348 3208 ἐπί
370 3139 413 3226 τῷ
435 3136 511 3227 ὑπὲρ
534 3151 594 3206 τῶν
623 3141 785 3228 θελητίιυν
813 3137 882 3230 ὑμῖν
911 3141 1116 3229 τρακταίομιρ
1141 3143 1246 3210 πολλὰ
1273 3146 1492 3218 κοπιάσαντες

136 3245 152 3278 ⁰
215 3264 353 3353 ἴσχυσαν
387 3267 473 3330 κατὰ
507 3266 542 3330 τὸ
578 3260 715 3350 ἀρέσκον
752 3259 857 3340 αιἰτοῖς
886 3267 940 3353 τήν
964 3275 1020 3352 τῆς
1049 3265 1214 3350 βασιλείας
1238 3289 1298 3353 μου
1322 3262 1490 3354 εὐμένειαν

218 3386 275 3456 καὶ
298 3389 485 3477 φιλοτησίαν
501 3389 544 3474 τῷ
565 3391 694 3474 κοίστριρ
718 3384 803 3474 ὑμῶν
826 3391 1027 3475 προξενῆσαι,
1052 3391 1162 3454 καὶτὰ
1180 3395 1398 3476 συναρεσαντα
1413 3391 1491 3458 δια-

218 3515 369 3599 λαβόντες
393 3508 541 3600 ἐγγράφῳ
566 3513 736 3587 λατινικοῖς
768 3517 932 3602 γράμμασι
956 3526 1105 3594 γνωστοῖς
1129 3509 1235 3590 αὐτοῖς
1258 3520 1408 3605 γραρίντι
1431 3522 1492 3584 καὶ

219 3637 437 3724 οἰκειυχείρως
470 3633 543 3722 παρ’
579 3631 680 3701 αὐτων
716 3631 925 3726 ὑπογραρέντι
959 3642 1016 3704 καί
1047 3651 1114 3714 ταῖς
1149 3641 1302 3726 συνήθεσι
1336 3641 1491 3724 βσάλλαις

220 3756 321 3828 αὐτῶν
346 3754 604 3850 δτοσημανθίντι
627 3765 683 3824 καί
707 3758 792 3846 ὅρκιρ
817 3759 918 3827 αὐτῶν
943 3761 1115 3849 σωματικῷ
1137 3763 1346 3846 βεβαιωθίντι
1370 3768 1492 3850 χρυσό-

222 3885 356 3970 βυυλλον
380 3885 477 3966 λόγον
501 3893 556 3972 τῆς
580 3885 746 3969 βασιλείας
770 3908 831 3972 μου
856 3885 1048 3974 ἐκομίσαντο
1073 3884 1122 3952 ἐπὶ
1144 3897 1223 3952 πᾶσι
1246 3899 1309 3963 τοῖς
1333 3899 1373 3974 τῇ
1396 3889 1493 3971 βασι-

221 4010 293 4094 λείορ
309 4029 370 4094 μου
385 4005 442 4074 καὶ
458 4003 563 4082 αὐτοῖς
581 4014 801 4096 συναρὲσασιν,
823 4015 880 4077 καὶ
905 4008 1070 4097 ἀπεστάλη
1094 4005 1162 4096 ὑμῖν
1185 4013 1266 4096 μετὰ
1290 4021 1349 4074 των
1372 4016 1492 4097 παρόν-

222 4151 281 4198 των
305 4129 550 4218 ἀποκρισιαρίων
575 4141 631 4219 τῆς
655 4134 820 4216 βασιλείοις
845 4155 921 4220 μου,
946 4143 1001 4199 τοῦ
1026 4153 1058 4198 τε
1076 4143 1299 4218 γραμματικοῦ
1316 4143 1371 4220 τῆς
1393 4135 1492 4218 βασι-

222 4257 311 4329 λείας
336 4277 396 4341 μυυ
418 4254 605 4343 Νικηράρου
630 4265 684 4322 τοῦ
704 4255 940 4343 Πεπαγωμίνου
964 4261 1020 4322 καί
1043 4264 1098 4322 τοδ
1121 4256 1345 4342 διερμηνευτοῠ
1361 4256 1493 4345 Γηράρ-

222 4379 279 4444 δου
307 4388 361 4446 τοῦ
384 4377 683 4465 Ἀλαμανοτοίλυυ,
719 4381 775 4448 καὶ
799 4381 917 4460 ἔξεστιν
953 4377 1021 4467 ὑμῖν
1058 4385 1096 4446 τὰ
1131 4385 1385 4470 συμφωνηθέντα
1418 4381 1494 4472 παρ’

223 4499 324 4572 αὐτῶν
359 4501 465 4592 ὅρκοις
500 4510 585 4574 κατὰ
620 4509 655 4572 τὸ
680 4509 820 4594 σύνηθες
850 4509 1122 4592 βεβαιωσαμίνοις
1156 4509 1213 4596 καί
1240 4503 1387 4596 ἐγγράφῳ
1416 4512 1492 4586 τοὺς
1547 4573 1553 4585 ,

222 4631 381 4704 τοιούτους
410 4626 494 4717 ὑμῶν
523 4629 637 4718 ὅρκους
666 4633 858 4714 διαλαβουσι
885 4633 941 4694 καί
964 4630 1017 4694 διὰ
1041 4639 1100 4694 τῶν
1125 4629 1275 4693 τοιούτων
1301 4629 1493 4718 ἀποκρισια-

221 4755 295 4842 ρίων
330 4764 385 4844 της
420 4757 586 4842 βασιλείας
622 4779 682 4844 μου
709 4759 787 4844 πρὸς
816 4753 870 4842 τὴν
907 4755 1071 4838 βασιλείαν
1108 4775 1169 4842 μου
1201 4751 1406 4843 ἀναπίμψασι
1434 4757 1492 4824 καὶ
