3132 5268
232 351 300 422 148

233 547 326 612 λοοσι
353 549 439 610 κατὰ
467 549 519 612 τόν
547 547 641 610 τύπον
668 555 728 610 τῶν
756 547 882 632 τρεβῶν.
908 545 956 611 ότι
983 544 1049 612 ἰπεί
1071 543 1162 633 ἡμείς
1184 543 1203 610 δ
1226 545 1377 630 βασιλεύς
1391 539 1502 628 καίὴ

232 671 381 755 βασιλεία
395 666 487 757 ἡμῶν
510 667 700 756 ἰνεχόμεύα
717 673 773 734 καί
797 665 1085 755 ἀπολειπαζόμεδα
1107 670 1218 735 δούναι
1233 673 1290 734 καί
1313 666 1505 756 ἀποφλησαι

230 796 274 880 τῷ
296 791 382 880 κορῷ
405 794 497 858 δοοκὶ
525 791 585 858 καί
608 792 651 878 τῷ
675 798 853 880 κουροονίιρ
884 791 1033 867 Βενεείας
1060 789 1138 879 ύπέρ
1165 791 1417 879 ίκανοποιηεεως
1440 801 1504 858 τῶν

231 919 377 983 παλαιῶν
403 921 522 1003 ζημιῶν
546 913 705 1002 ὑπέρπορα
728 915 879 1002 χιλιάδας
901 916 984 980 δέκα
1012 913 1090 981 ἑπτὰ
1116 919 1174 980 καί
1200 913 1316 980 έκατόν
1344 911 1504 1002 έξηαοντα

231 1047 313 1128 τρία,
338 1039 581 1128 ὑπισχνούμεθα
604 1040 648 1126 τῷ
666 1039 819 1127 εἰρημένῳ
837 1033 1078 1126 ἀποκρισιαρίιρ,
1103 1030 1240 1124 σονδίίιιρ
1262 1039 1319 1103 καί
1343 1037 1504 1124 ἐπιτρόπῳ

232 1163 364 1250 όνόματι
386 1163 431 1250 τῷ
450 1167 668 1251 προειρημένῳ
695 1164 805 1229 δσύναι
832 1169 889 1228 καί
913 1161 1098 1251 ἀποφλῆσαι
1119 1167 1159 1228 τὰ
1182 1170 1315 1228 τοιαῦτα
1339 1159 1504 1248 ύπίρπυρα

231 1289 285 1354 διὰ
307 1292 400 1354 πέντε
424 1288 502 1354 ἰτῶν
524 1295 586 1352 τῶν
606 1285 718 1375 όφεζης
749 1285 977 1373 έλεοσομένων,
1001 1283 1184 1373 ἀρχομένης
1206 1293 1263 1372 της
1284 1283 1415 1372 διωρίας
1438 1295 1504 1348 τῶν

231 1411 403 1498 εἰρημένων
438 1413 559 1498 χρόνων
595 1409 656 1476 διπύ
691 1419 762 1497 της
779 1409 901 1498 ἡμέρας
933 1419 992 1497 της
1027 1409 1226 1494 βεβαιώσεως
1259 1417 1316 1474 τού
1343 1411 1504 1495 παρόντος

232 1537 444 1630 συμβολαίου,
468 1535 616 1622 δηλονότι
646 1530 750 1622 ἡμέρα
770 1533 902 1620 εἰκοστῇ
930 1535 1062 1621 δτοτέρογ
1089 1542 1144 1599 τού
1168 1530 1280 1620 μαίοο,
1302 1533 1505 1618 διαιροῦντος

231 1663 290 1733 τὰς
316 1659 485 1746 εἰρημένας
511 1659 673 1724 δεκαεπτὰ
700 1659 850 1745 χιλιάδας
877 1661 917 1724 τόι
940 1654 1100 1744 όπέρπορα
1122 1661 1183 1722 καὶ
1205 1655 1504 1743 έκατύνέξηκοντα

231 1786 302 1869 τρία
327 1786 584 1869 καταπέμπων
608 1785 666 1847 καί
693 1779 899 1856 ἀποδιδόντες
917 1759 992 1846 κατ’
1017 1782 1163 1848 ένιαοτόν
1181 1783 1220 1846 τύ
1243 1779 1415 1864 έπιβτίλλον
1439 1785 1503 1866 μέ-

231 1930 293 1993 ρος,
317 1907 476 1994 δηλονότι
489 1909 524 1972 τό
547 1910 701 1992 πέμπτον,
734 1902 809 1992 ὅπερ
833 1904 917 1971 ἰστίν
940 1901 1100 1992 όπίρπορα
1122 1906 1283 1992 τρισχίλια
1306 1907 1504 1990 τετρακόσια

231 2033 401 2116 τριάκοντα
432 2030 506 2108 δύο,
541 2034 662 2093 κοκκία
691 2029 918 2114 δεκατέσσαρα
949 2024 1048 2114 ἥμισυ
1081 2027 1101 2115 ἢ
1132 2027 1281 2108 ἔγγιστα,
1316 2031 1372 2092 καί
1398 2022 1504 2100 οὕτως

230 2160 315 2220 κατὰ
337 2155 510 2240 διαδοχὴν,
543 2157 653 2240 μέχρις
677 2151 715 2217 ἂν
737 2155 895 2240 πληρωθῇ
918 2150 938 2240 ἡ
963 2149 1144 2242 οἰπόφλησιςΙ
1167 2161 1227 2216 τῶν
1249 2151 1422 2239 εἰρημένων
1443 2153 1504 2216 δε-

229 2281 356 2344 καεπτὰ
389 2278 545 2363 χιλιάδων
579 2272 759 2362 ύπηοπύρων
786 2281 843 2342 καί
876 2275 990 2341 έκατύν
1018 2274 1173 2362 έεηκονεα
1199 2285 1301 2362 τριῶν,
1335 2280 1392 2340 καί
1424 2273 1504 2339 ἰκα-

231 2403 448 2488 νυπυιησωμεν
477 2398 633 2485 ἀκεραίως
663 2397 696 2464 ἰν
717 2409 786 2474 ταῖς
809 2398 990 2486 εἰρημέναις
1016 2399 1157 2486 διωρίαις
1181 2408 1241 2463 τῶν
1264 2402 1505 2486 προειρημένων

230 2529 323 2590 πέντε
339 2522 427 2602 ἰτῶν,
450 2526 659 2597 συνάπτοντες
676 2522 717 2598 -ἰέ
738 2520 879 2588 ἐνιαυτοῦ
894 2522 949 2597 ,εἰς
972 2520 1116 2589 ἰνιαοτύν
1136 2526 1223 2588 κατὰ
1244 2523 1416 2609 διαδοχὴν,
1440 2523 1508 2608 δη-

230 2649 337 2713 λονότι
360 2645 423 2714 ἀπό
446 2655 502 2712 τού
519 2645 621 2733 ’μαίοο
644 2649 758 2734 μηνός,
793 2643 837 2721 ὥς
859 2651 1059 2734 προείρηται,
1090 2646 1175 2732 m
1201 2649 1303 2710 πάντα
1337 2641 1506 2732 όπέρπορα

231 2772 376 2858 δύσομεν
403 2775 460 2837 καί
494 2768 722 2857 ἀποφληοομεν
748 2768 781 2836 έν
809 2781 874 2844 τοῖς
902 2769 1079 2857 εἰρημένοις
1111 2779 1236 2856 καιροῖς
1266 2775 1322 2835 καί
1345 2771 1505 2856 διωρίαις,

231 2898 337 2982 πάσης
363 2897 555 2991 προφάσεως
583 2891 826 2980 ἀναιρουμένης,
852 2893 885 2958 ἰν
913 2897 1005 2980 χερσί
1027 2901 1083 2962 τού
1110 2894 1287 2979 μπαίούλοο
1314 2903 1379 2959 τῶν.
1400 2892 1507 2959 Βενε-

230 3023 326 3084 τίκων
349 3025 405 3084 τού
428 2992 513 3084 κατα
535 3019 648 3102 καιρόν
670 3012 897 3103 εὑρισκομένου
920 3015 954 3081 ἰν
976 3015 1306 3083 Κωνσταντινοοπόλει
1328 3015 1349 3104 ἢ
1373 3016 1456 3103 ᾧτινι
1481 3017 1505 3106 ἦ

232 3140 362 3208 οἷστισιν
389 3139 518 3228 όκύρις
545 3141 621 3217 δούί
647 3145 704 3206 καί
726 3144 762 3206 τύ
790 3142 977 3228 κσομούνιον
1000 3139 1147 3215 Βενεεύτς
1172 3138 1364 3218 διαρπάζωσι,
1392 3145 1506 3216 σωζο-

231 3270 331 3354 μένων
366 3266 476 3331 διόλοο
504 3269 560 3330 καί
594 3265 835 3352 φυλαττομένων
868 3273 978 3330 πασῶν
1012 3262 1069 3328 καὶ
1104 3261 1248 3330 έκτίστων
1281 3268 1403 3351 ζημιῶν
1435 3275 1506 3330 τῶν

229 3387 409 3456 Βενετίκων
440 3399 501 3454 τῶν
536 3389 578 3475 μη
613 3386 825 3474 τεταγμένων,
861 3386 910 3462 αίς
937 3387 991 3452 διὰ
1022 3395 1081 3474 τῆς
1115 3389 1278 3475 παρούσης
1312 3390 1427 3474 τρέβας
1457 3392 1504 3476 μή

233 3512 314 3578 ἰσεω
349 3509 535 3590 ἰλτίτπωσις,
562 3516 618 3576 καί
643 3515 680 3578 τύ
709 3510 864 3578 ἀνάπαλιν
891 3515 948 3576 καί
983 3514 1170 3596 σωζομένων
1186 3511 1310 3580 διόλου
1344 3517 1401 3578 καί
1437 3533 1503 3601 φο-

231 3638 429 3722 λαττομένων
465 3631 625 3721 ἀκεραίως
659 3633 702 3721 τῷ
731 3634 811 3721 κοριῐ
848 3637 939 3701 δυοκί
971 3638 1029 3698 καί
1062 3633 1107 3719 τῷ
1134 3639 1322 3722 κουροονίιρ·
1349 3635 1507 3712 Βενετίας

229 3761 354 3825 πάντων
381 3768 448 3824 Ιτῶν
481 3759 614 3824 δικαίων
638 3762 696 3824 καί
724 3755 872 3838 ἀγωγῶν,
901 3757 923 3824 ἁ
949 3757 988 3844 δὴ
1016 3761 1073 3823 καί
1104 3759 1144 3832 ἃς
1168 3756 1185 3822 δ
1208 3767 1298 3845 κύρις
1331 3759 1408 3836 δούξ
1443 3767 1507 3826 καί

232 3887 268 3950 τύ
295 3886 484 3971 κοσμούνιον
507 3883 657 3957 Βενετίας
685 3881 797 3970 έχουσι
823 3881 879 3948 καί
908 3881 993 3970 έχειν
1016 3883 1204 3970 δυνήσονται
1225 3879 1306 3949 καθ’
1328 3880 1420 3970 ἡμῶν
1442 3891 1507 3951 καί

231 4017 287 4095 τῆς
316 4007 481 4093 βασιλείας
507 4003 595 4095 ἡμῶν
625 4005 660 4070 ἰν
687 4027 745 4071 τινι
772 4007 956 4092 σομβολαίιρΙ
984 4007 1149 4072 δουκοίτων
1175 4017 1301 4092 χρυσῶν
1328 4011 1507 4093 τριάκοντα

230 4135 385 4222 χιλιιίδων
406 4139 478 4219 περί
501 4155 537 4197 τε
558 4133 737 4221 κτφαλαίοο
764 4135 821 4196 καί
843 4134 954 4211 τόκου,
991 4135 1108 4219 ζημίας
1130 4137 1198 4197 καί
1217 4130 1328 4208 ἐξόδου
1357 4137 1414 4198 καί
1438 4145 1507 4201 τῶν

229 4259 284 4324 διὰ
307 4262 407 4345 μέσου
429 4261 486 4323 καί
506 4259 634 4322 παντων
653 4265 715 4320 τῶν
738 4254 844 4321 ἄλλων
874 4265 935 4321 τῶν
965 4257 1087 4330 τούτοις
1118 4253 1369 4344 ἀπηωρημίνων,
1395 4255 1443 4333 ὣς
1470 4259 1507 4325 ἐν

229 4383 272 4470 τῷ
296 4379 382 4468 αύτῷ
407 4381 592 4468 σομβολαίρ
626 4388 682 4445 πού
719 4377 830 4466 χρέους
863 4384 1061 4467 περιέχεται,
1090 4379 1107 4444 δ
1134 4379 1175 4467 δὴ
1210 4383 1407 4467 συμβόλαιον
1442 4391 1508 4451 καὶ

148 4589 151 4599 Α
228 4511 325 4595 χρέος
348 4507 391 4593 μή
419 4507 575 4582 νοτίσδω,
605 4503 688 4591 μηδὲ
719 4505 867 4568 νοείσδαι
888 4504 1017 4569 δύναιτο
1039 4503 1094 4569 διὰ
1116 4505 1172 4591 την
1186 4511 1360 4590 Δπαρούσαν
1382 4509 1508 4592 τρέβαν

227 4629 248 4719 ἢ
272 4633 456 4719 συμφωνίαν
479 4625 624 4694 δπωσούν
648 4625 829 4715 ἀφειμένον,
853 4625 973 4712 ἄκορον
991 4631 1047 4692 καί
1063 4625 1348 4716 ἀνατετραμμένον,
1374 4631 1508 4716 μαλλον

229 4757 286 4839 μέν
310 4749 421 4818 ούνέν
446 4761 486 4838 τῇ
508 4747 606 4816 αἰτού
633 4753 832 4816 καταστάσει
853 4753 910 4814 καί
932 4761 972 4838 τη
999 4751 1181 4839 βεβαιότητι
1211 4757 1268 4817 καί
1297 4754 1341 4840 τῷ
1368 4753 1508 4844 δικαίῳ,
