3148 5268
1246 367 1305 431 141

59 553 121 642 ἡμῖν
142 559 196 620 καί
219 567 259 644 τῇ
283 553 422 645 ήμετέρα
450 561 598 645 βασιλεία
621 569 676 625 τοῦ
699 559 864 649 εἰρημίνου
891 559 1132 647 ἀποκρισιαρίοο
1155 565 1211 626 καί
1235 581 1308 626 συν-

57 681 137 744 δίκυυ
157 683 215 744 καί
240 679 407 768 ἐπιτρόπου
435 679 567 769 όνόματι
589 688 645 750 καί
667 685 782 771 δικαίιμ
806 695 861 749 τού
885 683 1049 772 εὶρημόνοο
1072 693 1171 768 κυροδ
1193 684 1309 758 δοοκός

57 807 103 866 καί
125 811 178 867 τοῦ
201 809 393 891 κυυμουνίοο
416 803 566 880 Βενετίας
594 805 788 896 ἀπόφλησιν,
816 806 1001 894 ἐλευθερίαν
1023 811 1080 871 καί
1102 783 1208 888 τίλας,
1232 804 1310 872 ύπό-

57 947 155 1011 σχεσιν
176 931 235 992 καί
258 932 421 1016 στοίχημα
443 925 517 1016 ήμίν
539 933 595 994 καί
611 941 649 1018 τη
667 932 815 1015 βασιλεία
829 928 918 1020 ήμῶν
940 929 997 995 καὶ
1020 941 1084 1004 τοίς
1098 931 1310 1018 κληρονόμοις

56 1055 101 1116 καί
123 1051 290 1139 διαδόχοις
313 1049 416 1140 ἡμῶν,
440 1050 522 1120 ὥστε
547 1054 590 1128 είς
613 1058 649 1121 τό
673 1053 743 1143 ίεής
768 1055 866 1142 μηδὲν
890 1052 1017 1120 ἐκείνων
1042 1051 1183 1120 ἀπαιτεῖν
1205 1052 1226 1142 ή
1251 1075 1309 1141 με·

56 1181 187 1264 ρνήσθαι
210 1181 246 1243 τό
274 1180 415 1245 σύνολον.
444 1178 562 1266 δμοίως
584 1177 673 1268 ήμεῑς
697 1179 714 1246 δ
737 1181 885 1266 βασιλεύς
916 1185 972 1246 καί
998 1176 1018 1267 ή
1044 1181 1191 1264 βασιλεία
1217 1177 1308 1268 ήρκδν

56 1300 120 1388 ύπέρ
144 1303 281 1390 ἐμαυτοδ
305 1309 362 1370 καί
384 1315 445 1372 τῶν
464 1285 623 1394 ήμετέρων
649 1305 810 1392 διαδόχων
834 1305 967 1394 ἀφίεμεν
990 1306 1044 1370 διὰ
1067 1315 1122 1391 τής
1145 1307 1308 1392 παρούσης

55 1429 157 1512 τρίβος
190 1431 248 1492 καί
281 1433 479 1518 συμρωνίας,
515 1427 709 1516 ἀκοροδμεν,
745 1427 959 1514 ἀνατρίπομεν
993 1431 1050 1492 καί
1084 1437 1139 1493 τοῦ
1172 1429 1308 1515 μηδενός

54 1549 128 1626 ἄξιον
157 1549 407 1641 ἀποφαινόμεθα
435 1555 541 1626 πάσας
565 1556 623 1628 τὰς
646 1551 788 1630 ἀδικίας,
816 1554 1078 1639 προσκρούματα,
1110 1555 1226 1638 ζημίας
1253 1557 1309 1616 καί

54 1676 134 1762 βάρη,
159 1673 367 1762 ὁπωσδήποτε
389 1672 463 1763 ήμίν
485 1679 541 1740 καί
564 1687 603 1764 τή
632 1676 779 1760 βασιλεία
805 1671 894 1762 ἡμῶν
920 1679 977 1740 καί
1004 1687 1068 1748 τοίς
1094 1675 1308 1762 κληρονόμοις

52 1803 98 1861 καὶ
124 1799 291 1886 διαδόχοις
317 1796 406 1886 ήμῶν
435 1798 667 1885 ἐπενεχθείσας
693 1802 780 1886 παρὰ
807 1806 862 1864 τοῦ
896 1807 994 1884 κυρυδ
1021 1799 1139 1872 δουκός
1167 1801 1224 1864 καί
1251 1807 1307 1863 τοῦ

53 1927 220 1989 κατιτοίνου
255 1933 315 1988 τιῖιν
349 1923 527 1989 Βενετίκων
553 1922 574 2011 ή
604 1922 676 2010 παρ’
712 1921 918 2010 οίωνδήτινων
953 1922 1059 1988 ἄλλων
1097 1921 1306 2011 δρρικιαλίων

52 2044 136 2130 ήηυυν
161 2057 360 2134 προνοητῶν,
395 2041 554 2132 ῥεκτόρων
588 2051 644 2112 καί
671 2049 795 2114 πάντων
827 2045 933 2112 ἄλλων
960 2057 1020 2112 τόν
1047 2041 1305 2132 ύποτετατμίνων

52 2171 86 2253 τῷ
108 2169 194 2256 κυριβ
220 2169 313 2235 δουκὶ
339 2174 396 2236 καί
418 2169 462 2256 τῷ
483 2175 661 2256 κοομοονίιρ
688 2167 851 2248 Βενετίσις,
878 2169 966 2244 ἰδίως
989 2171 1024 2234 δέ
1049 2167 1226 2256 ἀκυροόμεν
1250 2173 1306 2234 καί

52 2295 272 2383 διαγράφωμεν,
311 2293 570 2382 ἀτοβαλλόμεθα
607 2301 663 2361 καί
699 2297 742 2384 μή
776 2304 832 2360 τού
867 2297 1001 2382 μηδενός
1036 2293 1123 2371 ἀξιον
1157 2300 1304 2382 κρίνομεν

51 2423 144 2492 τείσας
181 2423 239 2492 τὰς
279 2418 420 2496 ἀδικίας,
460 2421 723 2506 προσκρούματα,
758 2423 874 2506 ζημίας
907 2423 963 2484 καί
998 2421 1080 2506 βάρη
1115 2419 1304 2505 ἐπενεχθεί-

52 2563 101 2614 σας
121 2539 194 2628 ήμῖν
218 2545 274 2606 καί
296 2551 335 2630 τη
360 2543 508 2626 βασιλεία
535 2547 591 2608 καί
617 2553 680 2616 τοῖς
702 2545 872 2627 προγόνοις
893 2538 982 2629 ἡμῶν
1006 2539 1123 2628 ὁμοίως
1147 2541 1182 2606 ἐν
1209 2565 1242 2606 τε
1265 2554 1303 2629 πή

51 2667 216 2752 καταλήψει
243 2669 299 2730 καί
321 2677 361 2753 τῇ
389 2664 475 2754 ἀρχή
505 2671 561 2732 καί
583 2677 622 2754 τη
644 2671 748 2730 κτίσει
775 2669 830 2730 καί
852 2677 892 2753 τη
916 2665 961 2738 είς
983 2666 1056 2739 τούς
1078 2666 1220 2752 καρπούς
1243 2671 1301 2753 ζη-

51 2793 173 2872 μίακαὶ
195 2791 239 2875 τιρ
260 2789 422 2877 χαλασμῷ
446 2795 502 2856 καί
524 2801 563 2878 τη
586 2789 695 2879 ρθοροβ
717 2793 772 2855 καί
796 2790 838 2876 τῴ
859 2791 989 2876 πολίμιρ
1012 2795 1069 2856 καί
1092 2802 1131 2878 τη
1154 2793 1302 2877 καταλή-
1421 2890 1424 2899 ἱ

51 2917 92 2998 ότι
116 2923 171 2978 τοῦ
197 2917 338 3000 κάστροο
371 2918 428 2980 καί
453 2916 625 3002 πολυχνίοο
653 2911 743 3001 ήμῶν
770 2922 828 3000 της
854 2912 990 2980 Τενίδοο
1018 2919 1075 2978 καί
1102 2918 1141 2978 τὰ
1165 2913 1197 2978 ἐν
1220 2910 1302 2999 αύτή

48 3047 81 3120 τη
105 3041 205 3124 νήσιρ,
235 3035 309 3124 μεθ’
332 3035 375 3102 ὧν
398 3041 523 3104 πάντων
546 3036 614 3125 εἶχε
638 3041 694 3104 καί
717 3035 836 3124 ἀνήκυν
860 3035 904 3110 είς
927 3035 1038 3124 αὐτήν,
1074 3035 1224 3110 ὡσαύτως
1247 3041 1303 3100 καί

50 3165 108 3244 τιρί
132 3165 256 3226 πάντων
283 3171 345 3228 τῶν
372 3159 478 3226 ἀλλων
504 3171 565 3228 τῶν
592 3158 797 3247 ὁπωσδήποτε
828 3162 1013 3246 συμβάντων
1040 3164 1096 3224 καί
1124 3164 1300 3245 γενομένων

52 3279 114 3360 ἐκεῖ,
140 3285 316 3348 ἀδυνατὸν
341 3278 482 3371 βηθήναι
504 3282 525 3372 ή
549 3281 759 3371 ἐπινοηδήναι
781 3281 801 3370 ή
825 3282 1019 3370 λογιοθήναι
1041 3283 1199 3362 δύνανται,
1224 3279 1300 3368 ύπόρ

51 3401 83 3467 ὧν
103 3405 171 3493 παρ’
195 3404 284 3494 ήρκόν
307 3412 364 3472 καί
389 3417 444 3494 της
469 3407 632 3491 βασιλείας
651 3403 740 3494 ήμῶν
763 3403 821 3470 καί
841 3415 903 3469 τῶν
925 3405 1132 3492 κληρονόμων
1154 3409 1210 3470 καί
1230 3406 1302 3470 δια-

51 3529 140 3616 δόχων
162 3529 262 3619 ήμῶν,
287 3527 364 3617 ύπὲρ
387 3529 430 3595 ὧν
454 3528 538 3618 αύτιρ
558 3531 601 3616 τῖρ
621 3531 705 3617 κυρῴ
730 3533 821 3595 δυοκί
847 3535 904 3594 καί
931 3531 974 3615 τῷ
999 3537 1179 3618 κυυμουνίιρ
1206 3531 1300 3598 Βενε-

51 3659 118 3734 τίας,
145 3667 210 3730 τοῖς
238 3655 419 3728 Βενετίκοις
445 3659 501 3720 καί
528 3668 592 3728 τοῖς
619 3653 761 3728 πολίταις
785 3665 844 3720 τῶν
867 3653 1041 3721 Βενετίκων
1068 3655 1178 3742 μηδείς
1203 3657 1299 3736 λόγος

51 3771 175 3864 ῥηθείτω
198 3777 218 3866 ή
240 3783 437 3866 προτεθήτω,
463 3777 524 3844 ἀπό
549 3779 584 3842 δὲ
606 3782 730 3843 πάντων
754 3789 813 3842 τῶν
835 3782 1076 3866 πρυρρηθέντων
1097 3783 1299 3867 σοναντημοί-

49 3923 95 3964 των
121 3914 181 3969 τῶν
209 3907 387 3988 χενομίνων
414 3905 470 3966 καί
493 3901 727 3988 ἐπενεχθόντων
762 3900 905 3967 ἐστωσαν
927 3903 1075 3968 καθόλου
1100 3900 1298 3987 ἀπολελυμέ-

49 4045 85 4088 νοι
104 4029 159 4090 καί
182 4023 394 4111 ἀνενόχλητοι
408 4023 564 4110 διηνεκῶς
587 4021 654 4087 ὅτε
677 4033 765 4109 κῦρις
788 4023 863 4098 δούί
885 4027 942 4087 καί
965 4024 1000 4090 τό
1023 4026 1212 4110 κοομούνιον
1235 4022 1298 4090 Βε-

49 4159 134 4221 νειίας
156 4151 215 4214 καί
238 4145 256 4212 δ
280 4147 358 4220 λαός
381 4144 398 4212 ό
422 4143 674 4232 ύποτεταημίνυς
698 4144 783 4232 αὐτῷ
803 4145 866 4212 ἀπὸ
889 4157 998 4212 πασῶν
1025 4158 1084 4214 των
1109 4153 1299 4236 προειρημί-

49 4291 95 4334 νων
122 4271 254 4338 ἀδικιῶν
283 4269 339 4336 καὶ
367 4274 486 4357 ζημιῶν
512 4273 570 4335 καί
595 4272 719 4334 πάντων
749 4279 809 4334 τῶν
838 4268 943 4336 ἄλλων
970 4280 1030 4334 τῶν
1056 4267 1130 4356 ήμίν
1154 4275 1297 4346 καὶτοῖς

49 4399 198 4478 εροηόνοις
233 4398 290 4459 καί
322 4405 362 4480 τη
397 4394 546 4478 βασιλεία
578 4389 667 4480 ήμίιν
702 4391 935 4480 ἐπενεχθεισῶν
959 4397 1054 4480 μέχρι
1080 4403 1135 4482 τής
1158 4397 1296 4482 σήμερον

49 4515 169 4606 ἡμέρας,
203 4521 318 4594 καθιός
353 4518 489 4606 εἴρηται,
525 4516 586 4584 ἀπό
616 4527 670 4584 τοῦ
698 4527 813 4602 καιροῦ
847 4517 995 4604 δηλονότι
1020 4528 1081 4584 τῶν
1109 4520 1297 4606 τελευταίων

50 4647 150 4726 ιριβων
182 4657 244 4712 τῶν
279 4647 454 4729 γενομένων
489 4641 521 4706 ἐν
551 4645 591 4730 ’τη
624 4641 954 4708 Κωνσταντινουπόλιι
987 4645 1044 4707 καί
1071 4643 1115 4717 είς
1143 4647 1179 4710 τό
1214 4643 1295 4732 ἐξης

51 4760 81 4826 οδ
100 4768 143 4834 δεῖ
163 4769 199 4834 δέ
223 4769 378 4846 νοεῖσθαι,
402 4765 446 4840 ύς
470 4766 524 4832 διὰ
547 4777 607 4832 τιδν
622 4776 789 4852 παρουσῶν
812 4765 929 4851 τρεβιῑιν
951 4762 972 4852 ή
996 4770 1230 4856 στοιχημιίτειν.
1253 4765 1297 4858 ἕης
