3164 5264
1263 255 1328 320 365

55 444 106 511 ὅτι
143 444 206 526 ἐγὼ
240 443 276 513 οὐ
305 451 436 522 ιιοπάζιυ
463 451 588 514 πώποτε
617 458 672 535 της
701 453 865 535 συνεργίας
890 458 948 535 σῆς
977 447 1118 536 ἀγάπης,
1150 446 1217 535 ἀμή
1244 451 1335 514 θέλω

56 573 116 634 καί
151 572 295 657 σέβομαι
330 575 386 636 καί
421 569 529 652 ἀγαπο
563 581 618 636 τοῦ
654 574 808 651 γενέσθαι
836 571 945 658 ἀγάπη
975 571 1027 662 ἀρ’
1055 567 1143 658 ἡμῶν
1178 572 1224 645 είς
1252 568 1336 659 ἀμάς

55 700 116 760 καί
156 691 193 760 οά
236 697 325 762 θίλιυ
366 698 423 784 τὴν
465 705 517 762 νῖν
557 697 593 760 δὲ
633 693 731 762 οὖσαν
771 696 923 784 ἀγκάχην
962 697 1006 770 είς
1047 693 1143 784 ἡμᾶς,
1182 697 1262 784 πλὴν
1297 698 1333 761 δέ

54 816 249 906 ἠγνώρισον,
286 817 334 886 ὀἐι
368 823 423 908 τήν
452 822 581 886 δουλίαν
609 823 725 908 ταύτην
753 831 808 908 τῆς
841 820 968 908 ἀγάπης
1002 819 1124 886 ἀποίνου
1156 820 1201 894 εὶς
1235 819 1334 908 έμίνα

56 948 99 1007 νά
135 939 270 1030 ᾐέεύριο,
306 940 354 1008 ὅτι
389 947 428 1008 νὰ
461 945 634 1030 πολεμήσω
669 947 708 1008 νά
742 950 835 1030 γένη,
866 945 974 1030 διάτης
1006 942 1023 1010 ὁ
1054 941 1207 1032 ἡμέτερος
1238 945 1335 1025 λάγυς

59 1067 134 1131 ἔναι
170 1069 330 1153 στερχθάς
362 1065 407 1142 εὶς
434 1069 487 1132 τάν
517 1064 654 1152 βασιλέα
683 1090 745 1154 μας
772 1073 829 1132 καί
856 1067 950 1132 πάλιν
978 1071 1034 1132 καί
1062 1071 1178 1153 μετὸν
1208 1067 1335 1154 Χαῖρα-

57 1191 116 1275 τὴν
150 1199 240 1256 πασᾱ
267 1187 375 1276 ὁμίος,
397 1194 454 1255 νιαί
482 1195 663 1268 πίστευσον,
702 1187 751 1255 ὅτι
775 1189 845 1256 έναι
878 1191 1012 1256 δυνατὸν
1045 1193 1084 1254 νά
1112 1195 1237 1278 ποιησει
1272 1190 1337 1272 έγά

57 1315 117 1400 τὴν
143 1311 196 1403 ἀρ’
226 1309 311 1400 ὑμῶν
332 1313 377 1388 εὶς
404 1310 476 1401 ἡμῖν
502 1313 598 1380 έτισιν
622 1317 678 1378 ιιαί
699 1315 798 1402 μηδὲν
820 1314 931 1401 ἔχεται
955 1313 1104 1400 ἀμέλεια,
1129 1313 1167 1382 δι’
1193 1313 1337 1401 ἀπαρα-

58 1439 147 1502 καλά
172 1441 229 1502 ναί
251 1435 373 1502 ἱιιεεειίο
397 1438 453 1523 τὴν
477 1433 630 1502 αὐθεντίοι
653 1459 712 1502 σου
735 1435 780 1510 είς
808 1437 862 1524 τὴν
886 1435 1014 1524 ἀγάπην
1042 1441 1098 1502 καί
1126 1436 1336 1527 ἀδελροσιίνη,

58 1571 124 1626 πυιῖ
142 1559 278 1647 ἔχωμεν,
302 1563 338 1625 τά
353 1559 374 1648 ἥ
391 1583 429 1648 τη
453 1562 654 1646 παρανελειίο
679 1563 731 1626 τάν
756 1559 975 1646 ἀποκομιστὴν
999 1569 1054 1648 της
1077 1557 1233 1648 ἡμετέρας
1257 1583 1338 1648 γρα-

60 1693 141 1772 φῆς,
167 1681 377 1770 συντράρευσέ
400 1687 439 1747 νά
464 1687 526 1758 ζεῖς
549 1687 696 1770 χρόνους,
720 1687 777 1748 οιαὶ
798 1688 828 1747 τί
851 1683 918 1769 έχυ
942 1687 981 1747 νά
998 1687 1101 1772 γράφο
1130 1694 1186 1771 τῆς
1215 1679 1337 1750 αὐθεν-

60 1813 135 1880 είας
160 1829 217 1870 σου
242 1807 403 1892 πλεόεερο·
441 1803 532 1872 οῖ’)δέν
561 1805 642 1892 ἔχοι,
670 1807 751 1894 πλὴν
779 1807 815 1870 δέ
843 1802 930 1892 ὑμεῖς
959 1807 1059 1893 μηδέν
1083 1805 1273 1894 ἀργησεεαι,
1298 1811 1339 1872 νά

62 1953 129 2018 μσς
153 1931 266 2018 σείλης
289 1928 455 2015 ἀπόκρισιν
479 1932 667 2016 βεβεοσίινη,
697 1927 781 2004 ὅπως
804 1929 896 2010 νιάγε)
919 1931 1016 1994 στίλιυ
1040 1929 1084 2004 εἰς
1107 1933 1161 1996 τάν
1184 1928 1339 2017 ἡμέτερον

59 2059 121 2120 ναί
157 2051 418 2140 ένλαμπρὸτατον
448 2054 585 2136 βασιλέα
619 2051 709 2138 ἄρξει
738 2050 837 2140 ἤγουν
872 2056 996 2141 γραφήν
1031 2075 1091 2140 μου
1121 2057 1179 2118 καί
1213 2053 1257 2128 εὶς
1284 2057 1340 2120 τάν

62 2177 227 2264 αὐθέντην
254 2181 307 2242 τὸν
331 2177 493 2264 Χαϊρατήν
513 2187 617 2254 παοᾶ,
641 2179 680 2240 νά
708 2180 785 2262 γένη
813 2177 903 2242 τελία
931 2174 1057 2263 ἀγάπη,
1087 2174 1181 2265 θειὴ
1213 2175 1337 2267 αὔτηή

61 2301 222 2376 ὑπόθεσις
251 2301 367 2390 ἀργησι
395 2302 487 2366 θέλει
515 2305 626 2386 μόνον,
651 2298 732 2365 ὥστε
767 2304 807 2365 νά
834 2303 930 2366 στίλυ
955 2299 1018 2381 ὲγά
1046 2305 1170 2390 γραρην
1199 2325 1260 2390 μου
1292 2303 1339 2379 εἰς

61 2429 139 2500 τοὺς
165 2427 345 2512 μποισάδες,
377 2427 472 2510 μόνον
502 2420 587 2510 ὑμεῖς
616 2425 716 2510 μηδὲν
741 2421 877 2510 ἀργεῖιε,
903 2424 1005 2512 μάλον
1029 2423 1091 2505 ἐγά
1117 2425 1208 2513 σείλη
1232 2425 1340 2514 ἤθελον

61 2554 123 2618 καί
160 2553 238 2636 πάρα
272 2547 352 2635 ἄρζη
388 2545 434 2622 εἰς
462 2549 517 2634 τὴν
545 2549 789 2634 ποληχρομένην
824 2549 880 2634 τὴν
915 2548 1058 2631 βασιλία,
1088 2546 1153 2636 ἀμή
1191 2547 1339 2638 ἀνάμινα,

63 2675 149 2741 ὥστε
174 2677 213 2739 νά
238 2695 298 2760 μου
322 2673 432 2758 στίλης
461 2669 628 2758 ἀπόκρισιν
653 2673 838 2758 βεβεοτιιιήν
867 2669 905 2737 έιι
929 2675 980 2736 τάν
1010 2670 1168 2761 αὐθέντην
1196 2685 1255 2739 τῶν
1278 2675 1342 2742 Βε·

63 2808 192 2876 νετιιῖν,
222 2799 276 2862 τὸν
301 2792 526 2881 ἀνδρικόταεον
548 2796 647 2872 τοίίι,
671 2792 728 2859 καὶ
756 2797 870 2880 πίησίν
899 2817 934 2858 το
964 2796 1190 2882 γλυγορότερο,
1218 2806 1278 2862 ποῦ
1302 2801 1342 2862 νᾰ

64 2923 149 2988 έναι.
175 2919 230 2985 ἐὰν
254 2923 310 2986 νιαὶ
332 2916 434 3005 ἦλθεν
457 2915 477 3004 ἡ
502 2915 666 3004 ἀτάιιρισι,
691 2917 790 3004 μηδέν
815 2915 942 3005 ἀργησι,
968 2921 1062 3003 μόνον
1086 2923 1125 2982 νά
1150 2941 1213 3004 μσς
1230 2917 1342 3007 στιλη,

65 3049 109 3112 νὰ
125 3042 276 3131 ἠδυάμεν,
300 3047 330 3106 εί
353 3038 494 3127 ὁράζουν,
519 3045 575 3106 ειαί
599 3039 654 3106 έάν
677 3043 733 3106 ιιαί
757 3039 843 3126 έλθη
868 3037 995 3104 έιιείθεν
1020 3043 1055 3104 εό
1079 3045 1140 3118 ναί,
1163 3045 1342 3122 πίστευσον,

65 3169 120 3236 ὅτι
146 3171 204 3234 τιαί
232 3166 294 3234 ἀπὸ
318 3163 344 3232 τ’
374 3164 455 3252 ἐμοῖς
477 3167 602 3244 τελίυς,
627 3161 676 3230 ὅτι
704 3167 822 3242 γίνεται
850 3161 975 3250 ἀγάπη,
1009 3168 1067 3230 καί
1095 3162 1178 3252 ἀροιῖ
1204 3167 1303 3232 δώσει
1324 3164 1377 3234 θ’

46 3295 151 3366 ,θεὸς
177 3293 231 3378 τήν
261 3287 313 3378 ἀφ’
341 3285 429 3376 ἡμῶν
454 3289 499 3363 εὶς
527 3285 608 3374 ὑμᾶς
631 3290 730 3374 προὴν
759 3283 841 3352 οὖσα
865 3284 991 3374 ἀγάπη,
1019 3283 1082 3376 ἠδη
1110 3290 1194 3378 θέλη
1224 3286 1345 3364 ὁθεάς

47 3411 170 3486 Ιπαίλιν
194 3417 248 3501 τήν
274 3415 307 3490 ke
329 3411 402 3502 ἡμῖν
427 3411 471 3486 εἰς
496 3413 551 3498 τὴν
575 3409 746 3478 αὐθενείαν
775 3433 832 3479 σου
861 3408 970 3496 ἀγάπη
999 3433 1032 3478 τε
1059 3410 1116 3478 καὶ
1143 3411 1348 3501 ἀδελροσάνη

67 3545 129 3608 καί
154 3540 192 3624 τη
217 3536 344 3604 έείσθαι
371 3533 443 3622 παρ’
471 3531 544 3623 ἡμῖν
573 3533 734 3613 γυνέσθιυ,
759 3539 814 3600 καί
837 3531 928 3620 ἡμεῖς
953 3530 1103 3600 οὐδέποτε
1130 3533 1344 3622 έπαλισμάνε-

68 3687 130 3730 σου
166 3665 348 3749 γενημεθα,
383 3657 454 3726 ἀλλ’
486 3657 642 3748 ἀρηλύεαι
671 3679 728 3722 σου
755 3656 877 3744 ἤμεθεν
904 3655 966 3732 έιος
994 3658 1135 3746 ἐσχάτης
1164 3681 1224 3746 μου
1263 3659 1347 3727 ἀνά-

67 3799 183 3877 πνοης,
206 3791 264 3854 μιαί
285 3787 417 3852 πάλινεν
440 3787 493 3848 τάν
517 3785 596 3848 θεὸν
619 3782 869 3867 παρακαλοῦμεν
898 3789 953 3846 τοιῖ
980 3778 1110 3869 ἠγιένην
1135 3805 1192 3848 σου
1216 3787 1251 3850 τά
1280 3789 1345 3850 σιίι·

71 3937 163 4000 μαει,
193 3909 241 3977 ὅτι
268 3907 423 3998 ἠγάπησα
457 3909 512 3994 την
542 3903 697 3972 αὐθενεία
733 3927 790 3970 σου
818 3908 917 3982 εόσιυ,
953 3901 1000 3970 ὅτι
1028 3899 1120 3971 οὐδέν
1149 3907 1218 3992 ἔχει
1251 3914 1280 3972 τί
1306 3913 1348 3975 νά

70 4040 170 4116 λέγω,
196 4032 238 4108 ὡς
262 4031 356 4100 ὁτῶν
379 4040 515 4116 ιιριπεῶν
539 4031 674 4113 γνάστης
697 4026 755 4114 ἥδε
778 4031 835 4092 ιιαί
858 4024 1081 4114 ἐπιστάμενος,
1103 4029 1206 4114 μάλον
1229 4031 1275 4108 δὲ,
1301 4035 1350 4117 μὰ
1423 4103 1437 4132 5

71 4162 133 4246 τὴν
157 4157 282 4244 ἀλήθια
302 4163 357 4220 τοῦ
381 4157 475 4230 θεοῦ,
506 4151 586 4216 θέλο
610 4154 650 4216 νὰ
674 4147 821 4240 ἀναφέρω
848 4155 905 4216 καί
927 4156 999 4236 περί
1022 4153 1076 4218 τάν
1098 4156 1209 4218 πιστὸν
1232 4155 1349 4220 δούλον

72 4305 137 4356 σας
159 4283 213 4345 τὸν
237 4283 329 4365 μισέρ
354 4277 472 4361 Πιέριυ,
496 4285 561 4348 πῶς
585 4267 684 4346 οὕτως
707 4271 787 4359 ἤχεν
811 4273 937 4360 μεγάλη
959 4278 1056 4360 πίστη
1079 4273 1125 4347 εὶς
1148 4277 1204 4361 την
1225 4273 1347 4344 αάθεν-

73 4413 128 4473 εία
153 4427 222 4479 σου,
245 4408 302 4468 ιιαί
325 4399 424 4475 οάειυς
447 4404 555 4486 πρέπει
578 4407 633 4464 τοῦ
658 4395 828 4483 ἀνθρώπου
851 4401 891 4464 νά
915 4397 984 4462 έναι
1001 4408 1117 4472 πιστῶς
1142 4398 1185 4476 εἰς
1209 4405 1263 4466 τὸν
1287 4399 1348 4468 αι’)-

73 4537 178 4616 θένεη
202 4551 266 4608 τοο,
290 4532 348 4593 καί
373 4531 411 4612 μέ
435 4528 491 4612 τήν
513 4523 635 4610 πίστην,
659 4531 719 4588 ποῦ
734 4520 859 4609 ἤδαμεν
876 4521 921 4595 εἰς
942 4517 1047 4601 αάτάν,
1073 4526 1173 4590 εάσιυν
1197 4529 1249 4591 τάν
1267 4525 1352 4607 ἀγα-

75 4659 227 4743 πήσομεν
251 4655 309 4718 ταί
331 4647 434 4738 ἡμεῖς,
464 4645 536 4713 &oto
560 4643 652 4712 οὐδέν
677 4647 742 4732 έχυ
767 4649 796 4711 τί
819 4648 858 4710 νά
882 4646 980 4728 λέγει,
1010 4645 1097 4714 ἀσάν
1118 4655 1177 4716 ’καί
1205 4653 1259 4738 ιην
1289 4649 1354 4718 αιί-
