3132 5268
225 351 291 418 204

227 565 288 618 τος.
320 543 366 608 ἔτι
393 539 446 607 ἵνα
474 543 574 630 ἔχωσι
608 545 663 630 τὴν
691 544 823 618 λόντζαν
853 545 908 630 την
938 547 1108 630 γενομένην
1140 547 1215 606 ποτὲ
1240 551 1299 606 τῶν
1323 539 1499 628 εἰρημένων

226 663 403 744 Πισσαίυν,
432 663 464 732 ἐν
493 664 516 754 ᾗ
542 664 720 754 δρείλουσιν
750 665 880 732 ἀνιστᾶν
908 666 1079 756 ρλάμουλα
1107 665 1177 742 δόο,
1212 668 1417 752 πρῶτονμὲν
1443 672 1500 752 της

226 789 391 872 βασιλείας
416 812 489 875 μου,
518 788 586 856 εἶτα
606 800 661 878 της
685 789 851 878 εἰρημένης
874 799 1065 880 περιφανοῦς
1088 791 1289 875 κοινότητος,
1314 791 1369 852 καί
1394 787 1501 874 ἔχωσι

224 917 280 978 καί
307 916 514 991 κοόνσουλον,
543 914 577 980 δν
606 912 644 980 ἀν
673 912 843 1002 έκλὲγηται
870 918 926 978 καί
953 918 1060 1000 πέμπη
1090 909 1136 978 ἐπ’
1168 905 1273 984 αὐτοῖς
1297 908 1316 998 ἡ
1342 911 1499 1000 εἰρημένη

223 1040 396 1127 περιφανὴς
419 1043 565 1128 κοινότης
594 1037 671 1106 ὄντα
695 1033 883 1126 αὐτόχθονα
906 1038 1123 1126 Φλωρεντῖνον
1152 1039 1208 1104 καὶ
1236 1035 1354 1123 ἔχοντα
1382 1034 1500 1102 ἄδειαν

223 1170 338 1250 κρίνειν
370 1169 429 1229 ,καί
458 1163 696 1252 ἀποφαίνεσθαι
729 1169 815 1231 κατὰ
846 1165 899 1229 τόν
934 1166 1028 1233 τόπον
1057 1173 1117 1231 τῶν
1152 1162 1257 1231 ἀλλων
1292 1163 1499 1232 κουνσοόλυν

187 1330 188 1336 1
223 1298 282 1356 των
308 1285 340 1352 ἐν
365 1299 403 1374 τη
428 1287 578 1376 εἰρημένη
601 1289 692 1354 πόλει
715 1297 771 1374 τῆς
795 1287 962 1387 βασιλείας
986 1309 1060 1374 μου,
1086 1297 1124 1373 τῇ
1148 1286 1497 1364 Κωνσταντινουπόλει,

222 1415 277 1476 καί
301 1413 430 1484 τιθέναι.
450 1410 494 1485 είς
518 1412 663 1500 φυλακην
685 1410 783 1490 ἰδίαν,
813 1411 847 1478 δν
877 1410 915 1486 ἀν
939 1409 1001 1478 ἀπὸ
1026 1420 1080 1480 τοῦ
1104 1416 1214 1491 γένους
1242 1407 1343 1476 αἰτῶν
1371 1411 1500 1476 θέλωσι

220 1537 390 1614 παιδεύειν,
414 1532 523 1624 ἥντινα
546 1537 691 1624 φυλακην
719 1531 808 1602 αἰετοί
832 1534 1083 1624 οἰκοδομήσουσι
1106 1537 1257 1617 σόνεγγυς
1280 1543 1336 1620 τῆς
1360 1531 1497 1622 εἰρημέ-

196 1679 275 1746 Ινης
309 1661 441 1734 λόντζας
476 1654 588 1724 αὐτῶν·
624 1662 679 1724 καί
714 1657 769 1724 ἰάν
803 1679 879 1724 ποτε
916 1659 1022 1744 συμβῇ
1058 1655 1232 1724 ἀποθανεῖν
1267 1661 1319 1722 τόν
1348 1666 1496 1722 τοιοῦτον

220 1784 426 1862 κοόνσουλον,
463 1783 580 1870 ἔχωσιν
613 1781 723 1849 ἄδειαν
759 1780 789 1847 οἱ
823 1780 984 1874 εἰρημένοι
1018 1786 1256 1868 πραγματευταί
1293 1780 1496 1862 ἐκλέγεσθαι

219 1913 275 1974 καί
304 1907 530 1976 ἀποκαθιστᾶν
565 1907 622 1976 ἕνα
651 1906 688 1974 ἐκ
718 1913 816 1996 μέσου
848 1903 966 1986 αὐτῶν,
999 1905 1061 1982 ἕως
1091 1905 1128 1972 ἀν
1156 1909 1311 1994 μαθοῦσα
1333 1903 1354 1996 ἡ
1377 1927 1494 1992 προει-

219 2037 339 2122 ρημένη
373 2032 559 2122 περιφανὴς.
580 2036 728 2120 κοινότης
764 2027 866 2108 αόειῖν
900 2035 1074 2118 ποιήσηται
1108 2029 1224 2117 ἕτερον.
1262 2031 1308 2096 ἔτι
1341 2029 1395 2098 ἵνα
1428 2029 1494 2098 ἀπὸ

219 2168 273 2226 τοῦ
302 2161 461 2246 συνήθους
489 2161 545 2225 καὶ
572 2163 796 2244 νενομισμένου
828 2125 969 2244 μεγάλου
997 2159 1053 2222 καὶ
1079 2157 1262 2230 καθολικοῦ
1289 2163 1494 2244 κομμερκίου

220 2281 336 2370 ἔχωσιν
365 2277 549 2368 εάεργεσίαν
578 2286 636 2348 καὶ
662 2282 785 2366 δωρεάν
813 2282 870 2346 δόο
895 2280 939 2354 εἰς
968 2284 1007 2349 πά
1030 2278 1155 2360 ἑκατόν,
1179 2283 1285 2349 καίτοι
1308 2301 1344 2360 γε
1368 2280 1493 2366 δυσχε-

220 2412 305 2492 ρείας
334 2402 371 2474 οό
401 2417 516 2494 μικρᾶς
552 2405 755 2492 ένοόοης.εηἰ
780 2409 941 2496 πράγματι
976 2407 1030 2478 διὰ
1064 2407 1120 2492 ,τήν
1155 2410 1344 2494 γιγνομένην
1380 2403 1493 2470 ἰντεδ·

221 2535 279 2598 θεν
304 2537 431 2618 μείωσιν
456 2529 487 2596 ἐν
512 2543 574 2606 τοῖς
600 2532 776 2620 βασιλικοῖς
801 2530 1019 2620 εἰσοδήμαοιν.
1045 2527 1081 2596 οό
1105 2535 1166 2616 γὰρ
1191 2531 1288 2599 εἴωθε
1313 2536 1351 2598 τά
1376 2541 1491 2596 τοιαδ-

220 2679 259 2721 τα
287 2652 404 2744 ῥαδίως
437 2659 717 2744 παραχωρεῖσθαι,
740 2653 824 2722 7ἀλλ’
861 2653 914 2722 οὖν
941 2655 994 2725 ἵνα
1028 2654 1089 2722 κάν
1116 2659 1218 2743 τοιῖτιρ
1251 2655 1293 2730 ἀς
1328 2655 1390 2724 κάν
1427 2671 1494 2730 τοῖς

220 2779 330 2854 ἀλλοις
353 2776 373 2867 ἡ
397 2785 613 2891 προειρημένη
644 2781 886 2868 μεγαλοπρεπὴς
917 2790 973 2866 της
999 2780 1203 2866 Φλυρεντίας
1230 2785 1378 2870 κοινότης
1408 2781 1492 2870 εἰδῇ,

220 2909 318 2972 πόσον
344 2903 364 2992 ἡ
394 2903 542 2990 βασιλεία
577 2926 637 2990 μου
664 2917 731 2977 ταῖς
766 2903 928 2994 οἰκήσεσιν
964 2903 1062 2992 αὐτῆς
1096 2910 1181 2985 κατά
1206 2927 1243 2988 γε
1266 2910 1301 2971 τό
1325 2904 1491 2994 ἐγχωροῦν

221 3027 443 3116 ἱκανοποιησαι
479 3034 577 3116 ζητεῖ,
594 3039 717 3116 ,πᾶσαν
746 3028 846 3116 ἀλλην
880 3009 1054 3118 παρορῶσα
1087 3031 1285 3118 δυσχέρειαν,
1320 3033 1376 3099 καί
1410 3033 1490 3096 ταό-

220 3173 274 3240 την
298 3155 354 3240 τὴν
377 3155 497 3240 δωρεὰν
513 3163 647 3222 ποιεῖται
679 3151 823 3242 ἀσμένως
845 3149 942 3240 αδτη,
967 3152 1010 3228 ὡς
1032 3159 1226 3242 προείρηκα.
1252 3155 1299 3220 ἔτι
1320 3151 1374 3218 ἵνα
1399 3153 1489 3240 έχω-

221 3301 267 3344 σιν
303 3277 413 3347 ἄδειαν
448 3283 504 3344 καί
537 3275 682 3373 ὲξρυσίαν
722 3277 883 3366 ἀγοράσαι
920 3278 1082 3368 οἰκήματα
1121 3285 1192 3366 τρία
1226 3279 1246 3368 ἦ
1283 3279 1490 3366 ἀναλώμασιν

220 3398 473 3490 ἀνοικοδομῆσαι
499 3400 602 3489 ἰδίοις,
622 3399 654 3468 ἰν
682 3414 720 3492 τη
749 3408 963 3492 προειρημένη
991 3407 1220 3492 θεορροορητιρ
1247 3408 1303 3468 καί
1326 3405 1489 3478 θευδοξοί-

220 3548 283 3610 οτῳ
306 3526 394 3592 πόλει
421 3535 476 3611 τῆς
501 3527 667 3618 βασιλείᾳς
692 3549 766 3614 μου,
798 3539 836 3616 τη
859 3525 1203 3607 Κωνστανεινουπόλει,
1232 3523 1310 3613 ἀπέρ
1341 3527 1489 3593 ἀναπαό-

220 3672 299 3724 οειυς
336 3655 391 3717 καί
431 3646 592 3740 ἀποδοχῆς
608 3630 691 3723 Ῐτιῖν
729 3651 862 3719 πολιτῶν
900 3657 956 3716 καὶ
993 3663 1240 3739 πραγματευεῶν
1284 3647 1387 3716 αότων
1426 3662 1489 3716 τῶν

83 3781 85 3788 “
220 3773 323 3840 ἐκεῖσε
352 3777 437 3844 κκεά
464 3775 595 3860 καιροάς
623 3771 864 3861 εὑρισκομένων.
895 3779 1011 3864 ταύτην
1039 3780 1095 3861 μέν
1125 3772 1179 3842 οὖν
1206 3777 1261 3862 την
1291 3774 1402 3844 ἀδειαν
1431 3783 1489 3840 εοιῖ

219 3895 379 3984 ἀγοράσαι
416 3896 437 3986 ἢ
476 3897 729 3990 ἀνοικοδομῆσαι
766 3903 806 3965 τά
843 3898 995 3986 εἰρημένα
1032 3903 1102 3988 πρῖε
1141 3899 1303 3986 οἰκήματα
1341 3900 1490 3985 δωρεῖται

217 4019 236 4108 ἡ
262 4023 409 4108 βασιλεία
434 4045 508 4110 μου,
532 4020 575 4096 ἀς
597 4022 794 4110 προείρηται,
819 4035 857 4110 τη
886 4023 1037 4118 εἰρημένη
1066 4021 1300 4112 μεγαλοπρεπεῖ
1325 4028 1489 4110 κοινόπητι

217 4156 272 4233 τῆς
302 4145 506 4238 Φλωρεντίας
538 4151 624 4215 κατά
653 4150 697 4235 Ιτό·
720 4151 837 4234 παρόν,
871 4145 985 4240 καίπερ
1010 4145 1043 4214 έν
1067 4160 1130 4222 τοῖς
1159 4149 1311 4224 τοιρότοις
1344 4169 1486 4236 ποιησα-

217 4277 296 4359 μένη
319 4277 375 4338 καί
398 4279 535 4339 ποιοῦσα
558 4271 759 4361 δυσχέρειαν,
790 4269 843 4338 ἵνα
868 4273 919 4360 μὴ,
935 4269 989 4358 ἐξῇ
1014 4273 1112 4346 ξένοις
1137 4269 1338 4358 οἱοισδηποεε
1364 4269 1487 4357 ἀγορά-

217 4401 279 4472 ζειν
307 4395 329 4484 ἢ
353 4395 573 4482 ἀνοικοδομεῖν
608 4395 769 4482 οἰκήματα
805 4393 840 4468 ἰν
866 4407 904 4488 γη
933 4400 1144 4484 προειρημένη
1180 4396 1270 4463 πόλει
1305 4405 1360 4482 τῆς
1390 4397 1486 4480 βασι-

215 4521 304 4596 λείας
332 4543 407 4608 μου,
431 4531 477 4608 ειη
503 4519 847 4602 Κυνσπαντινουπόλει,
885 4515 947 4600 οὐκ
979 4517 1145 4595 ἀποκλείει
1173 4522 1208 4588 δέ
1238 4519 1282 4612 εἰς
1305 4521 1340 4584 τό
1365 4522 1486 4606 μέλλον

213 4649 299 4718 κατὰ
327 4645 382 4732 την
411 4640 521 4731 χρείαν
558 4645 599 4730 μὴ
629 4645 738 4710 δοόναι
772 4643 883 4711 ἄδειαν
910 4647 966 4711 καὶ
993 4645 1092 4710 πλείω
1124 4647 1246 4713 τρόπων.
1274 4641 1436 4730 ἀγοράσαι
1464 4645 1484 4732 ἢ

215 4767 482 4858 ἀνοικοδομῆσαι,
511 4771 662 4858 καθάπερ
690 4769 775 4844 δόξει
803 4777 842 4855 τη
866 4767 1016 4854 βασιλεία
1044 4789 1104 4857 μου
1135 4765 1310 4853 ἀναγκαῖον
1335 4765 1403 4858 ἅμα
1428 4769 1485 4840 καὶ
