3114 5264
55 609 122 666 γους
147 599 236 654 τινῶν
261 595 317 654 καί
339 587 491 678 ἠφάνισεν
516 601 619 656 τούτο·
644 601 695 657 νόν
712 593 748 656 δὲ
769 589 871 677 ήλθεν
894 594 971 676 πρός
996 591 1051 678 τήν
1074 587 1231 678 ήμετίραν
1258 589 1318 656 αύ-

54 717 194 780 δεντείαν
215 712 399 780 ἱκετεύοντα
421 716 685 803 παρακλητικῶς,
710 711 794 789 ὅπως
816 719 998 801 ποιήσωμεν
1022 717 1117 800 χάριν
1141 719 1197 780 καί
1218 715 1318 796 ἔλεος,

55 837 98 902 ὅτι
124 843 164 904 νά
191 843 376 928 ποιήσωμεν
410 835 565 926 ἡμέτερον
592 841 789 926 τριβελὲγιον
817 841 893 926 πρός
923 835 1032 918 αὐτόν,
1061 835 1169 905 ἕνεκεν
1197 843 1319 918 τούτου,

51 959 119 1048 ύτδρ
154 967 294 1052 ψυχικῆς
329 968 487 1051 σωτηρίας
515 971 570 1028 τοῦ
594 967 772 1050 μακαρίτου
805 960 895 1050 ἡμῶν
932 959 1089 1029 αύδὲντου
1114 967 1171 1030 καί
1199 967 1318 1052 πατρός

52 1085 201 1172 Φράγχου
224 1090 276 1152 ντδ
300 1085 497 1174 Ἀτζαίιίλης
512 1091 687 1174 χαρίζομεν
703 1091 760 1152 καί
774 1081 1001 1173 ιύερηιτούμεν
1016 1089 1093 1172 τρός
1110 1091 1147 1153 σὲ
1163 1090 1217 1154 τόν
1233 1087 1317 1154 ἀνω-

52 1213 103 1274 ύεν
118 1209 293 1298 Γρηγύρτυν
310 1214 362 1278 τόν
379 1211 542 1300 Χαμάχην
558 1221 614 1276 τού
637 1213 676 1276 νά
699 1210 783 1275 είσαι
807 1209 870 1276 ἀπό
893 1211 949 1296 τήν
974 1213 1112 1298 σήμερον
1134 1210 1192 1276 καί
1206 1213 1319 1278 παιδία

51 1343 105 1398 τῶν
132 1335 269 1400 παιδίων
297 1357 356 1400 σου
383 1333 556 1422 ἐλεύθερος
580 1340 636 1432 καί
664 1333 932 1408 ἀκαταδούλωτος
961 1334 1024 1400 ἀπό
1051 1338 1157 1423 πάσης
1186 1332 1318 1422 όκαροι·

51 1462 118 1531 κίσς
142 1479 177 1524 τε
200 1458 397 1546 δουλοσύνης
420 1459 476 1526 σόν
500 1471 560 1526 τῶν
583 1465 739 1524 παντοίαν
765 1461 959 1544 πραγμάτων
983 1468 1038 1545 της
1062 1457 1238 1548 ἀδελρικής
1262 1481 1320 1526 σου

51 1583 190 1668 μερίδος,
225 1593 362 1670 κινητῶν
390 1605 423 1648 τε
450 1581 508 1648 καὶ
535 1583 708 1670 ἀκινήταν,
742 1581 893 1656 ὡσαύτως
915 1587 973 1648 καί
997 1583 1053 1648 σύν
1076 1593 1132 1648 τυό
1156 1605 1318 1670 μοναστη·

49 1713 112 1792 ρίου
135 1717 192 1796 τῆς
217 1705 393 1794 ύπεραγίας
416 1711 584 1796 δεσποίνης
614 1706 704 1796 ήμῶν
730 1709 891 1774 δεοτύκου
918 1713 975 1774 καί
1004 1707 1217 1796 ἀιτπαρύίνου
1245 1707 1318 1776 δία-

48 1837 112 1916 ρίιτς
136 1841 194 1918 τῆς
218 1831 472 1920 Μαρινιιετίσσης
501 1837 557 1898 καί
586 1833 643 1898 σόν
670 1843 730 1896 τῶν
757 1839 912 1898 παντοίων
937 1838 1082 1920 ψυχικῶν
1104 1837 1162 1898 καί
1185 1835 1318 1898 δικαίων

49 1952 142 2042 αύτής
170 1954 214 2020 ὧν
244 1961 399 2043 τίκτηται
427 1959 484 2044 τήν
511 1960 665 2046 σήμερον,
689 1959 746 2022 καί
770 1961 809 2022 τό
834 1958 969 2043 ρίλλουν
993 1955 1131 2046 ἀψιερεῖν
1154 1956 1185 2022 οί
1207 1958 1315 2044 ριλτυ-

49 2081 146 2164 οεβεῐς
168 2085 356 2168 χριστιανοί,
380 2079 466 2146 ἀλλὰ
486 2081 599 2168 δήκαὶ
624 2081 679 2146 σύν
702 2089 758 2168 τῆς
781 2082 911 2168 μερίδος
935 2103 994 2146 σου
1017 2091 1072 2146 τοῦ
1096 2080 1230 2146 στασίου
1253 2080 1317 2148 ἀπό

49 2207 153 2272 στίλυο
187 2216 244 2294 τής
270 2205 482 2294 τετιμημένης
509 2210 626 2294 κόρτης
654 2217 714 2272 τῶν
743 2217 834 2292 τριῶν
867 2207 921 2292 τήν
951 2203 1116 2292 ἀποκοκήν
1146 2213 1202 2270 τού
1230 2205 1317 2292 ἔχειν

48 2327 233 2406 ἐπεξουσάως
249 2341 305 2396 τού
320 2331 444 2408 πωλεῖν,
469 2331 653 2418 δωρεῖσθαι,
679 2329 919 2408 ἀνταλλάττειν,
944 2330 976 2394 ἐν
995 2333 1095 2416 κροιξί
1116 2331 1239 2395 διδόναι
1262 2335 1318 2396 καί

47 2449 118 2538 ύπὲρ
144 2461 284 2541 ψυχικῆς
301 2461 459 2540 σωτηρίας
479 2457 679 2520 παντάπασιν
701 2466 799 2520 ποιεῖν
818 2453 988 2527 ἀκωλύτως
1004 2459 1060 2519 καὶ
1077 2452 1317 2540 ἀνεμποδίστως

47 2577 103 2642 ἀπὸ
124 2587 183 2644 τοῦ
199 2583 237 2644 νά
261 2577 342 2644 εἶναι
366 2577 429 2644 ἀπὸ
446 2581 501 2665 τήν
519 2583 658 2666 σήμερον
682 2577 756 2645 οὔτε
778 2576 870 2666 ἡμεῖς
892 2577 913 2666 ή
938 2578 1035 2652 ἀλλος
1058 2577 1166 2665 ἕτερος
1189 2579 1317 2644 δικαίου

45 2701 128 2788 ήμῶν
158 2699 179 2790 ή
208 2704 408 2789 κληρονόμος
440 2707 496 2768 καί
524 2703 677 2789 διάδοχος
706 2703 846 2776 κότυλος
873 2700 962 2790 ήμῶν
997 2701 1143 2790 κάμμίαν
1172 2701 1317 2778 ἐξουσίαν

45 2829 96 2888 καί
127 2829 301 2913 κυριότητα
331 2825 381 2892 ἐπί
410 2829 446 2891 αδ
473 2831 530 2892 καί
557 2828 692 2892 παιδίων
720 2829 809 2910 [τῶν]
838 2828 973 2892 παιδίων
1001 2849 1059 2892 σου
1087 2831 1143 2892 καί
1172 2827 1228 2892 σύν
1256 2837 1317 2890 τῶν

44 2956 197 3016 παντοίων
223 2973 282 3016 σου
303 2957 512 3039 πραγμάτων,
544 2951 587 3026 ῶς
611 2951 783 3040 εἰρήκαμεν
812 2949 972 3038 ἀνωτέρω,
998 2951 1082 3016 ἀλλὰ
1109 2957 1167 3016 καί
1195 2951 1318 3038 μάλλον

45 3075 123 3140 ἔστω
149 3079 202 3141 σοί
224 3080 368 3164 φράχχος
392 3075 564 3162 ἐλεύθερος
586 3080 643 3141 καί
665 3077 779 3142 παιδία
803 3087 864 3140 τῶν
887 3077 1019 3141 παιδίων
1043 3097 1102 3140 σου
1126 3074 1188 3142 ἀπὸ
1211 3079 1318 3164 πάσης

44 3197 232 3286 όπαροικίας
255 3223 289 3264 τε
313 3203 517 3288 δουλοσύνης,
543 3199 605 3266 ἀπό
625 3225 660 3268 τε
684 3200 838 3286 ἐγχωρίοις
860 3205 1044 3278 κανισκίιεν,
1069 3211 1316 3288 μουστοροριῶν,

45 3323 317 3411 ἐλαιοταρουχίων
344 3329 401 3389 καί
433 3324 548 3409 ίτίρων
583 3324 689 3390 ἄλλων
725 3329 868 3412 εοιοότης
905 3321 1093 3411 όπαροικίας
1127 3329 1315 3412 προνομίων,

44 3449 237 3534 διορίζοντα,
265 3453 386 3522 πάντας
412 3450 484 3522 τούς
507 3447 680 3536 ἡμετέρους
703 3448 939 3538 ύφφικιαλίοος,
964 3451 1137 3538 διαδόχους
1160 3451 1317 3522 κατύλσυς

45 3577 97 3637 καί
121 3574 343 3660 κληρονόμους
366 3570 466 3661 ἡμῶν,
491 3573 521 3636 εί
542 3597 623 3647 τινες
647 3573 710 3660 ἀρα
735 3579 790 3638 καί
813 3573 883 3650 εἶεν,
909 3585 963 3638 τοι]
992 3573 1134 3660 στέργειν
1157 3579 1213 3639 καί
1236 3597 1316 3661 συμ-

42 3699 209 3782 φυλάττειν
233 3699 269 3762 τύ
291 3700 392 3782 παρόν
420 3693 571 3784 ἡμέτερον
595 3700 794 3784 πριβελίχιον
817 3697 873 3762 καὶ
895 3696 967 3784 παρ’
998 3693 1104 3772 αύτοῐς
1133 3697 1317 3774 ἀξεκουσεύ-

42 3843 88 3884 σιν
118 3817 212 3886 ούδίν
241 3819 376 3909 συμβείη
405 3819 587 3909 εύρεθήναι·
617 3824 670 3887 διὰ
698 3827 758 3910 γὰρ
786 3825 958 3910 διορισμῶν
986 3821 1146 3910 ἡμετέρων
1175 3822 1316 3903 ἐγεγόνει

41 3950 94 4010 καὶ
118 3949 240 4034 γραφὲν
264 3943 296 4010 ἐν
321 3945 479 4034 Ἀθήναις
502 3949 558 4011 καί
581 3947 636 4011 διὰ
658 3949 884 4034 περισσοτέραν
911 3945 1090 4036 ἀσφάλειαν
1119 3952 1175 4012 καί
1204 3948 1315 4030 βεβαί-

41 4091 114 4135 ωσιν
132 4067 324 4156 ύβουλλῶθη
345 4067 402 4132 καὶ
425 4070 478 4134 διά
501 4071 558 4156 τής
582 4066 738 4156 ἡμετέρας
761 4073 911 4136 κάτωθεν
935 4079 1117 4158 κρεμαστής
1141 4071 1259 4158 βούλης
1283 4067 1316 4134 ἐν

41 4197 150 4281 μηνί
185 4191 429 4280 αύηούστιρ
466 4195 491 4268 ς’
524 4197 602 4258 καί
635 4193 904 4260 ίνδικτιῶνι
940 4193 986 4258 ιε’
1021 4193 1154 4269 ἔτους
1189 4195 1286 4262 6945.

126 4344 171 4399 Ex
191 4347 293 4416 οτίμεό.
323 4345 464 4400 tabularii
490 4345 673 4400 Ricaaoliam'
692 4347 778 4400 τιίίάίι
802 4345 932 4406 Βυεόοο,
963 4345 1133 4401 Ιδοείιετεύεε
1157 4343 1187 4402 2,
1212 4345 1270 4400 447
1290 4357 1316 4400 τί

40 4471 138 4523 iterum
153 4469 304 4524 Νουυείίοε
323 4469 490 4526 Ιάοτίενολιε
507 4469 536 4526 2.
556 4469 627 4525 296.
