3114 5264
243 363 309 430 ²52

245 563 376 642 ρηνικης
410 557 553 641 πράξεως
591 558 670 640 μετὰ
706 553 858 642 ἐμπορίας
892 559 948 620 καί
987 563 1210 642 πραγματικῆς
1249 550 1435 628 ὑποθέσεως
1473 553 1515 628 εἰς

245 675 374 744 άιτασαινΙ
397 679 453 764 τὴν
471 675 632 765 ἡμετέραν
662 674 891 764 θποκράτησιν,
915 679 1038 756 πόλεις,
1068 681 1175 765 χώρας
1198 675 1256 742 καὶ
1279 681 1403 750 τόπους.
1427 674 1515 764 ἡμεῖς

244 803 280 864 δέ
311 798 363 888 ἡνι
386 805 563 887 σκέψαντος
586 823 656 888 η..
677 806 757 866 ,νωί
779 806 836 866 καί
867 798 997 887 ἀγάπην
1017 797 1068 888 ἠνι
1092 801 1277 866 δεικνύοντα
1304 797 1326 888 η
1348 823 1515 888 περιφανε-

245 927 345 1011 στάτη
381 919 536 993 αθθιντία
569 927 647 1010 πρὸς
681 921 767 1012 ἡμᾶς
802 931 882 1011 μττά
914 922 1106 1011 περιχαρίας
1140 929 1196 989 καί
1226 922 1453 1002 ἀγαλλιάσεως
1481 919 1514 988 οὐ

246 1049 403 1134 [μικράς],
427 1045 526 1120 abab<
541 1043 678 1134 ὑπήκοοι
695 1046 876 1133 ἐγενόμεθα
892 1057 948 1135 τῆς
963 1049 1112 1134 τοιαύτης
1128 1045 1296 1134 αἰτήσεως,
1319 1043 1365 1120 ὣς
1388 1050 1514 1134 γνήσιος

243 1170 309 1245 οίθς
330 1175 397 1236 καί·
413 1169 427 1233 ί
445 1217 453 1234 .
472 1220 479 1234 .
497 1219 504 1234 .
522 1191 587 1244 σος·
615 1175 673 1234 καί
697 1179 850 1256 ποιοῦμεν
871 1167 1074 1236 Υἀπιντει”)θεν
1103 1175 1159 1236 καί
1194 1169 1256 1236 ἀπὸ
1287 1171 1343 1255 την
1367 1173 1512 1256 σήμερον,

245 1291 293 1358 ὅτι
321 1291 433 1359 ἅπασα
460 1294 551 1369 ξύλον
577 1294 759 1372 πλεοτικόν,
788 1297 972 1380 κάτεργον..
991 1301 1067 1367 ναθς
1094 1297 1176 1380 μετὰ
1200 1343 1207 1358 .
1233 1343 1243 1358 .
1267 1343 1274 1358 .
1299 1344 1307 1358 .
1331 1296 1388 1360 καί
1415 1292 1514 1380 ἀρμέ·

244 1437 315 1492 νων,
340 1418 451 1502 μιαρὸν
475 1414 532 1480 καί
556 1418 706 1502 μεγάλαν,
731 1421 931 1504 ρορτωμένον
955 1421 1012 1480 καί
1036 1414 1212 1504 ἀρὸρτιτον,
1236 1413 1410 1502 ἀρχόμενον
1435 1415 1514 1481 ἀνα·

244 1540 343 1612 ταλάς
369 1537 399 1626 ἢ
420 1539 482 1604 ἀπὸ
505 1539 632 1625 θοσμῶν
657 1543 742 1625 Ιμετὰ
769 1543 876 1626 πάσης
909 1543 1130 1626 πραγματείας
1157 1544 1397 1628 πεφυραμένον,
1435 1546 1514 1613 ζωο-

243 1667 374 1749 τρορίας
397 1665 452 1725 καί
467 1659 585 1746 ,ἑτέρας
609 1661 712 1749 ἄλλης
736 1658 899 1748 ὑπάρξεως
919 1710 930 1727 .
954 1711 963 1728 .
987 1709 1018 1740 .,
1043 1659 1167 1728 ὁπόθεν,
1186 1659 1213 1728 δ’
1238 1660 1281 1728 ἂνλ
1298 1667 1356 1727 καί
1378 1661 1513 1749 ἀνέλθη,

245 1785 288 1860 θς
315 1785 368 1850 ἵνα
397 1785 493 1872 έχοον
529 1783 752 1866 άπάδιανκαί
780 1784 1064 1874 ἁπλῆν.·έέοασίαν
1089 1785 1149 1872 [οἱ]
1174 1784 1347 1861 αθθέντατς
1380 1788 1514 1874 Φιορεν-

244 1921 330 1987 τίνοι,
354 1913 394 1994 νᾲ
418 1906 640 1995 ἀπληκεὺσοον
665 1908 710 1984 τίς
733 1910 913 1996 λιμαιῶνας
933 1908 1139 1996 ἀκρωτηρίων
1161 1912 1438 1995 παραθαλασσίας
1460 1917 1513 1977 καί

243 2033 287 2106 είς
316 2029 383 2098 αὕτ’
476 2083 483 2098 .
509 2083 516 2098 .
542 2042 598 2119 της
625 2035 799 2120 θαλάσσης
826 2044 882 2121 της
909 2030 1070 2122 ἡμετέρας
1094 2037 1338 2122 θιακρατησεως
1363 2086 1371 2101 .
1396 2087 1404 2101 .
1430 2087 1438 2101 .
1462 2041 1514 2101 καί

243 2155 288 2229 είς
305 2155 339 2220 ὃν
365 2205 372 2220 .
398 2205 405 2220 .
431 2205 438 2220 .
465 2206 472 2221 .
496 2162 553 2220 καί
568 2160 608 2222 νά
633 2155 728 2243 ίχοον
755 2154 904 2244 άπάθιαν,
930 2157 975 2232 είς
999 2155 1075 2224 ὅσον
1098 2161 1210 2244 καιρὸν
1225 2159 1362 2246 ,θέλοοκ
1386 2163 1426 2224 νὰ
1443 2164 1514 2224 στί-

242 2299 319 2344 κοον
337 2277 505 2366 ἐλεύθεροι
524 2283 581 2344 καί
596 2278 823 2365 ἀνεμποδεστοι
839 2279 869 2346 οἱ
884 2285 1151 2367 ρρ[αγματεοταί]
1170 2277 1283 2354 αὐτῶν,
1307 2287 1346 2347 τά
1360 2285 1513 2346 πλτοτικίι

243 2407 299 2468 καί
320 2402 352 2468 οί
375 2403 555 2490 ἅνθρωποι,
580 2408 636 2468 καί
664 2402 738 2468 ὅταν
762 2407 879 2470 θέλοον
907 2410 946 2470 νὰ
969 2403 1175 2492 ἀπέρχονται
1190 2453 1301 2471 .....
1318 2404 1339 2493 ἢ
1361 2425 1514 2492 καταρτι-

242 2529 299 2592 κτίν
323 2525 467 2614 ἤβάθος
484 2527 658 2614 θαλάσσης
682 2525 702 2615 ἢ
726 2527 863 2592 κάνέναν
885 2529 1052 2615 πληρωναν
1076 2531 1132 2594 καί
1156 2531 1309 2616 σονηθιον
1334 2537 1388 2594 τοῦ
1411 2529 1514 2610 αίγια-

243 2649 315 2721 λοῦ,
339 2645 438 2736 ἥμισυ
456 2699 463 2714 .
481 2699 488 2716 .
508 2699 515 2715 .
534 2700 541 2714 .
559 2653 598 2716 τὰ
623 2653 842 2752 σονηθισμένα
864 2655 1043 2737 κοομίρκια
1065 2656 1122 2716 καί
1147 2654 1314 2738 γαμπέλας
1337 2663 1393 2740 της
1416 2655 1511 2740 ξηρᾶς

240 2775 326 2836 κατὰ
350 2774 389 2835 τὰ
411 2819 549 2838 ......
567 2776 706 2859 σονηθια
730 2783 784 2860 της
807 2769 966 2860 ἡμετέρας
985 2771 1228 2862 θιακρατησεως
1251 2775 1392 2863 έκληρης
1414 2787 1511 2841 ταῦτα

241 2899 297 2959 καὶ
313 2898 418 2981 μόνον.
444 2893 487 2970 ὣς
502 2895 555 2962 ἵνα
579 2895 674 2983 ἕχοον
692 2894 830 2962 ἁπάθιαν
854 2901 911 2962 καί
935 2896 1107 2981 [ίξοοσίαν]
1133 2894 1236 2986 ἀπλην
1253 2897 1308 2963 τοί
1332 2895 1509 2984 ἀγοράζειν,

241 3019 372 3098 πωλεῖν,
408 3021 659 3106 συναλλάγματα
691 3019 789 3086 ποιεῖν
817 3019 874 3086 καί
902 3020 1026 3108 ίτὲρας
1042 3021 1146 3096 ἀλλος
1181 3025 1431 3110 [πραγματειΊας
1458 3028 1511 3088 καί

240 3145 520 3231 πραγματεοτιιιήν
549 3144 596 3218 τίς
624 3143 752 3210 ἅπασαν
780 3145 834 3231 την
860 3141 1017 3232 ἡμερέραν
1046 3145 1192 3221 έέοοσίαν
1219 3151 1275 3211 καί
1297 3141 1509 3234 ιίεοκροίτηοιν

243 3265 467 3355 ἀνενοχλητως
486 3273 543 3334 καί
567 3267 879 3355 ἀνεμποδίστως...
899 3299 911 3334 .“
924 3266 1075 3354 ὁσαιίτως
1099 3267 1318 3358 έκπληροῡρπν
1340 3275 1398 3338 καί
1422 3281 1510 3338 τοῦτο

242 3393 339 3476 χάριν
372 3402 428 3479 της
461 3397 732 3480 περιφανεστάτης
771 3388 956 3476 [αόθεντίας
989 3397 1182 3480 κοομοονίοο
1205 3393 1427 3480 ·Φιορίτζας],
1465 3393 1511 3460 ὅτι

243 3511 299 3580 έάν
325 3537 402 3580 ποτε
434 3527 559 3602 ιιαιροίς
587 3520 727 3604 σημερον
754 3515 775 3604 ἢ
804 3513 913 3602 αὔριον
939 3519 1166 3605 βοοληθοῦμεν
1189 3516 1233 3593 ὣς
1255 3517 1310 3586 ἵνα
1331 3524 1509 3608 ποιήσωμεν

243 3639 389 3726 κάμμίας
418 3651 530 3719 γενεάς
557 3637 614 3704 άτε
641 3639 831 3715 Βενετίκων,
855 3639 1064 3719 Κατελάνειν,
1087 3641 1112 3708 Γ
1114 3644 1294 3730 εναθβησων
1322 3648 1381 3712 καί
1405 3641 1510 3729 έτίρας

245 3760 349 3848 ἄλλης
370 3759 655 3850 γενεάςκάμμίαν
685 3764 804 3850 χάριτα
926 3767 966 3828 τά
992 3769 1216 3852 προειρημένα·
1233 3765 1400 3854 κεφάλαια
1424 3763 1509 3854 θρεί·

244 3886 319 3950 λοον
343 3883 430 3972 ἔχειν
453 3888 509 3968 κμί
531 3883 564 3950 οἱ
584 3887 816 3972 προρρηθέντες
840 3885 1116 3974 Φιορεντίνοιτην
1139 3882 1238 3974 αθτήν
1262 3891 1381 3975 χάριτα
1405 3887 1509 3954 ἀνειο-

242 4007 379 4095 χλητως.
405 4004 487 4090 Ιὅθεν
502 4013 561 4092 καί
584 4010 696 4073 τούτου
720 4013 814 4095 χάριν
838 4006 999 4096 ιθρίσαμεν
1022 4013 1089 4076 καί,
1103 4007 1246 4090 ίγεγθνει
1269 4013 1305 4094 τὸ
1327 4015 1430 4098 παρὸν
1445 4033 1510 4097 τρι-

245 4132 405 4216 βελέτίιον
429 4130 461 4196 έν
496 4145 534 4220 τη
561 4129 702 4219 ἡμετέρα
723 4134 815 4198 πόλει
842 4144 903 4198 των
933 4133 1097 4220 Ἂθηνῶν,
1121 4132 1183 4198 καί
1200 4135 1255 4199 διὰ
1289 4141 1510 4222 περισσοτέραν

245 4254 424 4344 ἀσφάλειαν
447 4259 504 4320 καί
527 4257 698 4342 βεβαίωσιν
720 4261 850 4322 πάντων·
872 4268 932 4339 τῶν
956 4257 1109 4344 ὁρώντων·
1124 4263 1185 4324 καί
1210 4257 1394 4338 ἀκουόντων
1423 4261 1510 4346 ἀβσο-

243 4380 337 4465 λάθη
366 4383 422 4444 καί
447 4383 535 4465 μετὰ·
551 4389 607 4467 τῆς
630 4377 790 4468 ἡμετέρας
816 4384 965 4447 κάτωθεν
988 4393 1171 4471 κρεμαστης
1199 4385 1318 4467 βοθλας
1346 4383 1380 4448 ἐν
1409 4388 1510 4472 μηνί

245 4497 488 4588 αθγοιίστφ
521 4501 715 4591 ἑβδόμη,
750 4504 1013 4570 ίνθικτιάνι
1048 4505 1107 4587 ιε’,
1144 4506 1223 4593 έτη
1259 4507 1356 4573 6930.

332 4633 362 4686 Ε
372 4635 516 4690 tabulario
528 4633 718 4692 Βίοαεοίίοιιο
732 4636 895 4692 florentiae
910 4638 998 4692 edidit
1018 4636 1147 4700 Βεεαλοκ.
1165 4637 1336 4692 Ιίοαλειοίτε
1347 4639 1511 4711 historiques

241 4775 294 4812 εειι·
308 4757 339 4814 ία
351 4756 542 4830 principum&
548 4761 702 4832 sranyaiee
716 4777 751 4816 ιιε
767 4757 864 4816 Moris
876 4760 906 4818 2.
920 4759 987 4819 444.
1006 4771 1032 4816 εί
1049 4759 1198 4818 Νοκυτίίεε
1213 4761 1384 4818 leukarda
1395 4763 1428 4820 2.
1441 4761 1508 4818 289.
