3148 5268
247 406 309 472 122

246 603 414 687 βεβαίωσιν
450 611 506 688 της
545 601 696 674 εἰωθυίας
731 599 857 688 ἀγάπης
893 605 1158 690 σονερωνήσαμεν
1193 597 1276 687 ἅμα,
1312 599 1513 686 έστέρξαμεν,

246 723 472 812 έπενεύσαμεν,
499 721 709 813 ἠθελήσαμεν
738 723 908 813 δμοψύχως
931 731 988 791 καί
1012 724 1050 790 ἐκ
1075 730 1241 814 συμφώνου
1265 722 1515 811 ἐπεστηρίξαμεν

246 848 308 916 ἀπὸ
332 859 386 916 τού
410 859 462 916 νύν
485 849 583 938 ἄχρις
603 849 680 916 έτιύν
702 855 808 929 πέντε,
834 849 1019 938 ἀρχομένων
1044 847 1105 916 ἀπὸ
1129 860 1185 937 τῆς
1207 851 1372 937 παρούσης
1398 849 1515 934 σομβι·

247 979 371 1062 βοίσεως
396 973 452 1042 καὶ
475 974 569 1055 έγγύς
590 973 824 1062 ἐπερχομένων,
855 976 1067 1040 συνίστασθαι
1090 977 1203 1060 τρέβαν
1228 975 1343 1061 μεταξύ
1367 993 1401 1038 τε
1424 968 1516 1058 ἡμῶν

245 1105 301 1164 καί
323 1110 379 1188 τῆς
404 1100 569 1184 βασιλείας
592 1095 681 1187 ἡμῶν
710 1102 843 1164 καὶτοῦ
870 1094 1023 1186 ἡμετέρου
1053 1100 1134 1164 λαοῦ
1162 1103 1219 1163 καί
1247 1093 1344 1164 αὐτοῦ
1372 1105 1428 1162 τού
1459 1104 1518 1180 κύρ

246 1225 362 1297 δουκύς
385 1227 441 1288 καί
464 1231 519 1290 τοῦ
542 1229 732 1314 ιιοομουνίοο
757 1233 811 1312 τῆς
834 1221 984 1298 Βενετίας
1000 1225 1056 1288 καί
1073 1231 1128 1315 τοῦ
1150 1223 1232 1313 λαούΙ
1255 1219 1364 1300 αὐτοῦ,
1388 1221 1517 1306 διαμεῖ-

244 1369 297 1412 ναι
328 1345 517 1436 ὀφείλουσαν
554 1349 634 1434 μετὰ
668 1348 819 1449 καθαρᾶς
843 1343 1010 1433 ὁμονοίας,
1047 1347 1273 1434 έπιτυροδσαν,
1310 1345 1517 1430 βεβαιοῦσαν,

248 1473 439 1538 έπαινουσαίν
464 1494 496 1535 τε
521 1474 577 1536 καί
599 1471 858 1557 προσδεχομένην
878 1473 1036 1556 καθαρῶς
1057 1475 1152 1558 μέχρι
1174 1479 1230 1558 τῆς
1254 1467 1421 1557 εἰρημένης
1438 1469 1517 1532 διω-

247 1602 316 1684 ρίας
340 1597 395 1682 τὴν
419 1596 602 1660 τελευταίαν
627 1597 754 1681 τρέβαν,
787 1596 842 1682 την
866 1600 976 1660 νεωστί
1000 1600 1057 1682 μὲν
1079 1596 1319 1682 πληρωύείσαν,
1351 1605 1519 1673 γεγονυῖαν

246 1721 283 1788 δέ
309 1719 451 1786 ἐνταῦθα
474 1717 507 1782 έν
531 1730 569 1806 τη
593 1715 924 1786 Κωνσταντινοοπόλει
947 1721 1032 1787 κατὰ
1055 1721 1090 1784 τὸ
1113 1717 1251 1804 ,ατμδ
1273 1717 1345 1790 ίεος
1360 1723 1426 1803 1τῆς
1452 1721 1519 1801 τρί-

246 1867 303 1932 της
325 1843 536 1920 ίνδικτοωνος,
562 1853 600 1930 τη
624 1842 655 1906 δ’
678 1838 783 1929 ἡμέρα
805 1851 860 1908 τοῦ
890 1835 1073 1929 οεπτεβρίου
1097 1844 1196 1931 μηνύς
1223 1845 1295 1928 περὶ
1322 1841 1377 1928 τὴν
1401 1838 1517 1926 ένάτην

244 1965 342 2054 ὅρον,
372 1969 612 2053 προσκυροῦσαν
643 1987 675 2030 τι
703 1969 760 2031 καί
787 1969 843 2039 τὰς
872 1965 974 2040 ἄλλας
1005 1969 1061 2040 τὰς
1084 1968 1142 2052 πρὸ
1167 1961 1265 2052 αύτης
1287 1965 1519 2051 παρελθούσαις

246 2095 326 2179 μετὰ
348 2094 472 2156 πάντων
499 2089 557 2156 καὶ
579 2089 723 2156 έκοίστων
746 2091 944 2179 κεφαλαίων,
981 2093 1101 2176 τρόπων
1122 2111 1164 2154 1τε
1186 2091 1246 2156 καί
1266 2091 1439 2176 σονύηκων
1463 2091 1520 2152 καί

246 2224 430 2303 σομρωνιων
457 2217 513 2280 καί
541 2215 779 2301 δηλοποιήσεων
815 2217 872 2279 καί
898 2211 1093 2294 έπαγγελιων
1127 2215 1184 2278 καί
1198 2209 1431 2298 έπιστηρίξεων
1461 2213 1519 2276 καί

244 2341 440 2428 προσδηαων
465 2335 643 2419 ἀναλογιῶν
666 2349 729 2404 των
749 2336 792 2414 έν,
807 2335 915 2412 αύταῑς
938 2334 1263 2424 έμπεριειληρρένων,
1295 2339 1410 2410 ποδὸς
1440 2335 1519 2423 ἄχρι

246 2472 300 2530 τού
327 2472 381 2529 νῦν
416 2462 512 2528 είωύε
547 2465 704 2543 γίνεσύαι,
740 2460 1020 2550 έπαγγελλομένης
1039 2471 1110 2550 τῆς
1146 2462 1311 2546 βασιλείας
1345 2455 1436 2547 ἡμῶν
1463 2461 1518 2524 διὰ

245 2592 441 2676 συμφωνίας,
478 2584 594 2652 έντελεῖ
621 2583 795 2674 ὑποσχέσει
823 2587 1058 2673 βεβαιωδείσης
1086 2587 1140 2652 διτί
1168 2609 1203 2650 τε
1229 2583 1356 2671 ἑαυτῆς·
1373 2587 1431 2648 καί
1456 2593 1517 2647 τῶν

244 2715 452 2799 κληρονόμων
478 2714 535 2776 καί
563 2712 724 2797 διαδόχων
753 2706 849 2797 αὐτῆς
884 2709 927 2797 τῷ
954 2712 1085 2796 τοιούτῳ
1113 2707 1342 2795 ἀποκρισιαρίιμ
1366 2705 1412 2792 tq?
1435 2703 1516 2772 ύπο-

245 2840 393 2922 σχομένφ
416 2839 473 2900 καί
495 2835 779 2921 παραλαμβάνοντι
801 2841 901 2898 ταῦτα
925 2833 967 2920 τῷ
989 2833 1104 2919 δικαίῳ
1135 2831 1192 2898 καί
1215 2829 1348 2917 ύνύματι
1369 2839 1425 2896 τοῦ
1452 2851 1518 2896 τοι·

246 2961 338 3026 ούτοο
361 2960 478 3034 δουκύς
501 2963 557 3024 καί
584 2965 640 3022 τοῦ
668 2963 838 3044 κομουνίου
865 2967 921 3046 τῆς
947 2956 1111 3036 Βενετίας,
1143 2957 1255 3023 δοῦναι
1282 2959 1340 3020 καί
1367 2952 1517 3042 ἀποβλη-

246 3105 301 3148 σαι
334 3079 422 3170 αύτῷ
453 3084 497 3170 τῷ
517 3091 577 3168 κύρ
611 3083 703 3147 δυοκί
724 3079 744 3170 ἦ
769 3081 813 3168 τηῖ
839 3085 925 3148 κατὰ
959 3081 1091 3168 καιρούς
1119 3078 1261 3166 ἐσομένῳ
1293 3083 1349 3144 καί
1383 3077 1427 3164 τῷ
1453 3099 1517 3144 κο-

245 3211 362 3294 μουνίιρ
388 3216 444 3294 της
472 3205 622 3280 Βενετίας
635 3203 825 3294 ’ὑπερτέρων
860 3204 1049 3272 εἰκοσιοκτὼ
1081 3205 1233 3292 χιλιοίδας
1261 3208 1317 3270 καί
1344 3206 1518 3290 τριακόσια

244 3335 414 3419 τριάκοντα
437 3336 507 3417 τρία
533 3341 652 3417 χροσα,
677 3329 791 3405 αἵτινες
820 3328 1149 3418 έμπεριλαμβύνονται
1173 3326 1205 3394 έν
1234 3324 1315 3416 αὐτῇ
1340 3339 1378 3416 τῇ
1402 3328 1516 3394 τελευ·

244 3463 319 3542 ταία
335 3539 340 3551 .
356 3457 485 3542 τμέβα,·
506 3453 605 3542 ἅσπερ
644 3453 861 3544 έναπελείφδη
900 3459 971 3525 τύτε,
1008 3451 1048 3542 ἡ
1073 3455 1236 3539 βασιλεία,
1278 3457 1334 3519 καί
1372 3453 1517 3520 λείπεται

245 3591 297 3648 νῦν
325 3577 473 3647 ἀποτῖσαι
500 3579 543 3667 τῷ
570 3580 725 3668 εἰρημένω
754 3589 820 3666 πύρ’
838 3579 930 3646 δουιιί
951 3583 1007 3644 καὶ
1031 3577 1073 3665 τῷ
1094 3583 1254 3666 κομοονίφ
1285 3587 1340 3666 τῆς
1362 3577 1517 3652 Βτνετίας

144 3774 154 3796 χ
245 3703 304 3772 ὑπὸ
339 3700 491 3793 ύποίίήκη
525 3707 649 3770 πάντων
679 3715 739 3771 των
775 3701 909 3785 ἀγαθῶν
941 3700 1116 3790 ἡμῶνκαὶ
1146 3711 1202 3789 της
1226 3701 1390 3786 βασιλείας
1413 3698 1517 3788 ἡμῶν,

246 3826 298 3918 ἄρ’
321 3827 364 3894 ὧν
383 3828 423 3915 δη
441 3827 628 3895 εἰκοσιοκτὼ
651 3829 807 3916 χιλιάδων
829 3831 886 3894 καί
908 3831 1096 3913 τριακοσίων
1120 3829 1291 3914 τριάκοντα
1307 3833 1397 3912 τριῶν
1422 3821 1516 3910 ύπερ-

244 3955 348 4041 πύρων
377 3951 479 4018 ἔδωκε
506 3957 562 4032 καί
593 3950 738 4020 ἀπέωσεν
764 3948 784 4039 ἡ
815 3951 963 4036 βασιλεία
986 3945 1074 4037 ἡμῶν
1098 3947 1141 4037 τῷ
1164 3945 1295 4037 ῥηδέντι
1319 3946 1515 4034 ἀποκρισια-

245 4083 316 4165 ρίιρ,
351 4075 617 4164 έααγγελλομένω
645 4081 701 4144 καί
728 4072 923 4162 λαμβάνοντι
948 4083 1046 4140 ταῦτα
1073 4072 1116 4160 eq}
1145 4075 1357 4160 προρρηθέντι
1380 4070 1517 4159 δνύματι

245 4197 424 4288 ύπκρπύρων
447 4212 527 4288 τρεῖς
547 4201 714 4288 Ιχιλιάδας
743 4209 876 4287 χρυσᾶς,
911 4201 946 4264 τύ
970 4198 1005 4264 δέ
1038 4195 1283 4286 έναπολειρδέν,
1319 4193 1395 4283 ὅπερ
1430 4193 1516 4262 έατίν

246 4323 424 4413 ύπερπύρων
452 4325 645 4394 εἰκοσιπέντε
670 4325 818 4412 χιλιάδες
845 4329 901 4389 καί
924 4326 1093 4411 τριακόσια
1123 4325 1297 4409 τριάκοντα
1324 4326 1395 4408 τρία
1418 4321 1516 4407 ύπέρ-

245 4471 338 4536 πυρα,
363 4447 575 4538 ἐπηγγείλατο
599 4447 997 4537 δούναιιιαίιὰτορλησαι
1011 4444 1060 4512 δι’
1084 4445 1200 4535 έαυτης
1224 4469 1257 4512 τε
1280 4450 1413 4512 καὶτῶν
1430 4447 1515 4534 κλη·

247 4575 387 4659 ρονύμων
422 4579 478 4640 καί
511 4575 673 4662 διαδόχων
707 4569 812 4661 αὐτῆς
833 4569 926 4658 αὐτῷ
951 4595 993 4659 τιρ
1010 4569 1167 4660 μέττιρανεί
1197 4578 1256 4657 κύρ
1276 4570 1372 4636 1δουετί
1395 4573 1452 4634 καί
1476 4569 1518 4655 τῷ

246 4703 403 4785 κομοονίιρ
431 4709 487 4787 τῆς
511 4699 660 4772 Βενετίας
684 4696 761 4785 ἄχρι
783 4701 839 4762 καί
860 4701 961 4761 πέντε·
976 4699 1098 4783 χρόνων
1121 4695 1255 4782 πλησίον
1282 4691 1515 4780 1έλευσομένων,

246 4821 283 4886 τύ
305 4825 444 4908 πέμπτον
468 4823 617 4911 δηλονότι
640 4832 699 4890 των
723 4823 870 4886 τοιούτων
895 4815 1075 4907 ύπερπύρων
1100 4816 1162 4884 ἀπὸ
1186 4827 1242 4907 τῆς
1267 4821 1407 4908 σήμερον
1430 4815 1514 4907 ἡμέ-
