3148 5268
1279 359 1323 424 83
1403 341 1404 350 ,

67 554 239 638 διόρθωσις.
272 552 300 618 εὶ
323 555 358 618 δὲ
383 557 488 642 συμβὴ
516 558 568 620 τὸν
597 551 822 636 εὐγενέστατον
848 556 952 620 δυῦκα
980 552 1128 627 Βενετίας
1156 555 1191 618 τά
1221 555 1327 618 κοινάν

71 680 164 761 λαβεῖν
194 682 306 764 χρέος,
336 675 411 766 ὅπερ
440 679 614 768 ἀποίχεται
641 679 661 770 ἡ
687 683 834 765 βασιλεία
862 703 937 766 μου,
965 679 1018 746 ἵνα
1042 679 1072 745 οἱ
1095 680 1245 766 διάδοχοι
1272 687 1328 764 τῆς

71 803 202 878 ἐξουσίας
226 813 283 868 τοῦ
307 805 465 870 δουκάτου
493 815 548 892 τῆς
576 805 724 880 Βενετίας
755 810 811 872 καί
834 809 869 870 τά
893 808 1081 892 κουροῦνιον
1105 801 1206 870 αότιῖν
1229 797 1328 888 καὶὴ

71 935 155 1015 μικρά
183 935 240 994 καί
268 933 394 1018 μεγάλη
422 933 521 1018 βουλὴ
551 938 704 1018 στέργωσι
732 937 771 996 τά
799 941 933 996 τοιαῦτα
967 930 1144 1018 κεφάλαια,
1180 927 1260 1015 άπερ
1289 929 1329 1014 δὴ

70 1056 221 1142 κεφάλαια
250 1051 347 1130 οὕτως
372 1055 561 1142 ἐπωμόσατο
585 1053 605 1144 ἡ
631 1057 778 1140 βασιλεία
810 1079 870 1142 μου
894 1055 1023 1121 ἐνώπιον
1047 1065 1107 1120 τών
1131 1055 1331 1140 διαληφθέν-

70 1202 119 1242 των
135 1176 269 1260 εὐγενῶν
293 1183 349 1246 δύο
374 1179 495 1266 ἀνδρῶν
519 1185 575 1246 καί
598 1179 859 1270 ἀποκρισιαρίων,
883 1191 938 1246 τοῦ
962 1205 995 1246 τε
1012 1181 1069 1268 σώρ
1085 1179 1238 1265 ’Ἰακώβου
1254 1180 1330 1246 Δελ-

70 1309 147 1391 φίνοο
170 1309 298 1368 καὶτοῦ
315 1305 373 1390 σίνρ
396 1304 549 1390 ’Ἰακώβου
564 1305 769 1392 Κυνταρίνου,
793 1303 836 1380 ὡς
861 1305 1097 1394 ἐμφανισάντων
1121 1315 1160 1392 τη
1185 1305 1332 1388 βασιλεία

72 1451 124 1512 μου
140 1430 193 1515 την
210 1427 248 1514 ἡν
265 1429 354 1515 εἶχον
379 1425 466 1496 οῦτοι
491 1431 650 1518 ἔγγραφον
674 1431 806 1516 δύναμιν
829 1435 886 1498 καί
902 1428 1047 1505 ἐξουσίαν
1064 1428 1127 1496 ἀπὸ
1144 1438 1198 1496 τοῦ
1214 1429 1332 1500 δουκός

71 1549 210 1624 Βενετίτις
227 1557 283 1618 καί
299 1561 354 1618 τοῦ
370 1558 560 1638 κυυμουνίου
584 1555 629 1628 είς
652 1559 687 1619 τά
712 1551 902 1639 τρακταίσαι
925 1559 982 1620 καί
997 1555 1164 1642 πληρῶσαι
1180 1555 1235 1640 την
1252 1551 1334 1632 ἀγά·

18 1717 19 1720 =
71 1697 124 1762 την
156 1681 237 1764 μετὰ
260 1687 316 1764 τῆς
341 1679 509 1762 βασιλείας
534 1703 607 1766 μου,
642 1677 721 1766 ἥπερ
745 1681 784 1766 δὴ
809 1679 913 1768 γραφη
939 1677 1102 1754 ἐπιλίξτων
1126 1677 1197 1765 ἔχει
1220 1673 1331 1751 οὕτως·

148 1800 255 1888 Ἡμεῖς
279 1800 448 1890 Ῥαινέριος
470 1803 622 1882 Ντξένος,
651 1808 732 1872 θεοῦ
756 1808 865 1892 χάριτι
893 1804 969 1878 δοῦξ
994 1802 1159 1880 Βενετίας,
1195 1805 1333 1882 γνωστὸν

71 1936 210 2012 ποιοῦμεν
245 1938 324 1992 πᾶσι
358 1939 421 2001 τοῖς
450 1931 485 1992 τά
513 1932 614 2014 παρὸν
648 1925 738 2014 ἡμων
767 1929 926 2017 ἔγγραφον
961 1930 1146 2014 θεωροῦσιν·
1175 1923 1243 1993 ἐπεί
1270 1937 1334 2001 τοῖς

72 2047 204 2128 ευγενέσι
228 2056 285 2116 καί
307 2055 469 2140 φρονίμοις
493 2049 644 2138 ἀνδράσιν
676 2051 817 2137 Ἰακώβῳ
840 2053 980 2141 Δελφίνῳ
1004 2049 1060 2116 καὶ
1083 2050 1224 2136 ’Ἰακώβῳ
1247 2048 1334 2118 Κον-

71 2179 186 2260 ταρίνερ,
213 2186 277 2248 τοῖς
300 2187 420 2248 πιστοῖς
443 2171 532 2262 ἡμῦιν
559 2183 615 2240 καί
639 2174 823 2264 ἀγαπητοῖς,
849 2181 929 2261 μετά
952 2186 1008 2263 τῆς
1032 2178 1176 2262 μεγάλης
1199 2179 1256 2240 καί
1280 2197 1332 2262 μι-

71 2309 141 2382 κροῖς
169 2301 288 2386 βουλῆς
319 2311 373 2365 τοῦ
400 2307 591 2387 κουμουνίου
619 2311 674 2389 τῆς
702 2299 866 2378 Βενετίας,
896 2299 1085 2386 ἀνεθίμεθα
1114 2301 1334 2388 πληρεστάτην

72 2425 192 2510 δύναμιν
230 2429 286 2488 καί
323 2423 465 2500 ἐξουσίαν
501 2421 607 2498 αίιτοῖς
642 2425 809 2510 ἐδώκαμεν
845 2423 996 2510 ἐνεργεῖν
1016 2429 1055 2488 τά
1086 2429 1229 2510 παρέντα
1264 2422 1336 2512 ἤτοι

72 2547 267 2634 τρακταΐσαι,
293 2551 481 2634 συμβίβασιν
505 2553 707 2636 ποιήσασθαι
731 2553 812 2634 μετὰ
829 2559 884 2614 τοῦ
900 2546 1101 2636 ὑψηλοτάτου
1116 2559 1175 2635 κῦρ
1190 2547 1334 2636 Μιχαὴλ,

72 2673 98 2737 ὲν
122 2673 251 2760 Χριστῷ
284 2676 327 2760 τῷ
362 2675 431 2758 θεῷ
462 2683 574 2738 πιστοῦ
610 2675 766 2756 βασιλέως
800 2677 856 2738 καί
892 2669 1126 2760 αὐτοκράτορος
1161 2671 1335 2760 Ῥωμαίων,

72 2801 170 2864 λοῦκα
199 2799 357 2879 Ἀγγέλοο
386 2797 555 2885 Κομνηνοῦ
584 2807 638 2864 τοῦ
667 2797 909 2877 Παλαιολίγου,
945 2803 1001 2862 καί
1030 2800 1182 2878 γενέσθαι
1213 2803 1333 2886 χρυσό-

72 2924 184 3003 βουλλα
219 2927 275 2988 καί
301 2925 467 3010 πληρώσαι
496 2927 550 2986 καί
580 2932 751 3008 στερεώσατ
790 2926 870 3008 μετὰ
897 2931 952 2986 τοῦ
981 2917 1135 3009 ῥηθέντος
1167 2923 1333 3006 βασιλέως,

72 3052 175 3122 καθώς
201 3045 309 3123 αὐτοῖς
332 3061 417 3138 φανῇ
445 3061 599 3134 κρεῖττον,
629 3053 686 3113 καί
712 3058 844 3135 ποιησαι
871 3053 927 3112 καί
950 3046 1120 3132 ἀναλαβεῖν
1144 3046 1334 3137 ἀποσχέσεις

72 3178 119 3237 καί
141 3171 348 3260 ὁρκωμοτικά
372 3171 411 3240 δι’
434 3172 521 3262 ἡμᾶς
545 3179 601 3240 καί
624 3175 677 3239 διὰ
701 3177 736 3240 τά
764 3176 950 3260 κουμοῦνιον
967 3183 1023 3261 της
1038 3173 1196 3254 Βτνετίοις,
1220 3180 1335 3250 καθώς

73 3294 169 3370 αὐτοῖς
199 3309 284 3385 φανῇ
320 3309 475 3383 κρεῖττον,
507 3303 563 3364 καί
592 3309 724 3378 γενικῶς
751 3301 807 3362 καί
834 3298 888 3364 διὰ
913 3298 1036 3364 πάντων
1062 3308 1194 3386 ποιῆσαι
1222 3299 1268 3376 είς
1295 3305 1335 3366 τά

71 3425 286 3510 προρρηθέντα
315 3428 370 3488 καί
398 3423 443 3496 είς
466 3429 505 3488 τά
527 3424 744 3510 πλησιάζοντα
768 3419 889 3500 αὐτοῖς,
921 3425 1034 3497 καθώς
1059 3421 1096 3490 ἀν
1122 3421 1226 3498 αὐτοῖς
1249 3437 1335 3515 ρανὴ

74 3543 211 3634 ευχερές,
240 3545 456 3635 ὑποσχώμεθα
486 3546 575 3637 ἡμεῖς
600 3547 632 3613 ἐν
655 3547 699 3635 τῷ
721 3546 852 3635 δνδματι
875 3545 964 3635 ἡμῶν
987 3553 1043 3616 καί
1066 3559 1121 3614 τοῦ
1144 3555 1335 3637 κουμουνίου

73 3682 120 3758 τῆς
147 3673 313 3751 Βενετίας,
350 3673 435 3760 ἔχειν
471 3673 514 3748 είς
542 3669 627 3760 ἡμᾶς
656 3676 691 3737 τά
715 3677 846 3760 στέργον
869 3677 926 3738 καί
950 3671 1144 3740 ἀποδεκτέον
1175 3679 1232 3740 καί
1261 3697 1335 3741 στε-
1458 3669 1462 3676 ’

75 3803 150 3880 ρεόν,
187 3805 245 3864 καί
280 3797 316 3864 οὐ
353 3800 413 3886 μὴν
442 3797 695 3885 ἐναντιωθῦμεν,
731 3796 792 3864 κάν
828 3797 857 3863 τί
882 3821 910 3864 τι
938 3797 967 3862 οἱ
996 3799 1215 3879 εὐγενέστατοι
1249 3797 1336 3866 οὗτοι

74 3919 90 4006 ἡ
111 3923 155 3997 εἷς
179 3923 214 3998 ἐξ
237 3921 354 4001 αάτών,
385 3923 428 3998 τίς
453 3923 487 3986 δν
511 3935 597 4011 φανῇ
621 3926 656 3987 τά
679 3925 780 4008 παρών
805 3923 979 4011 ίγγραφυν,
1005 3925 1266 4010 συμβιβασθώσιν
1290 3924 1335 4000 είς

75 4053 107 4110 τά
137 4053 372 4136 προρρηθέντα·
408 4053 464 4114 καί
495 4046 548 4112 ίνα
576 4044 595 4134 ἡ
628 4058 775 4134 παροῦσα
809 4045 947 4136 ἡμετέρα
984 4047 1138 4122 ἀνάθεσις
1165 4048 1189 4136 ἡ
1216 4049 1335 4136 πληρε-

76 4179 166 4262 στάτη
203 4177 258 4239 καί
295 4177 423 4259 στερεά,
464 4169 622 4258 ώρίσαμεν
661 4176 716 4236 καί
751 4169 941 4258 ἐβουλλώθη
981 4167 1062 4258 αῦτη
1101 4177 1181 4258 μετὰ
1218 4169 1336 4259 ἡμετέ-

77 4319 123 4382 ρου
159 4299 331 4385 μολβδίνου
366 4297 521 4376 σιγιλλίυυ
556 4301 613 4362 καί
647 4296 701 4360 διὰ
735 4305 848 4382 χειρῶν
883 4293 1054 4380 Κορράδου
1089 4305 1144 4382 τῆς
1180 4293 1337 4383 ἡμετέρας

77 4417 167 4508 αίλὴς
200 4425 386 4488 κανικλιίου
420 4420 579 4508 ώρίσαμιν
612 4425 668 4486 καί
700 4418 899 4506 ἐσημειώθη.
930 4418 1032 4506 ἐδόθη
1061 4418 1094 4485 ἐν
1122 4421 1337 4521 τῷιπαλατίιρ

78 4555 125 4610 τοῦ
160 4546 317 4636 ἡμετέρου
360 4549 519 4611 δουκάτου
563 4549 730 4632 τρέχοντος
774 4548 891 4630 χρόνου
930 4554 984 4608 τοῦ
1024 4549 1132 4631 κυρίου
1172 4547 1337 4632 χιλιοστοῦ

79 4670 294 4740 διατυσιοστοῦ
332 4673 507 4760 ἑξηκοστοῦ
545 4676 701 4757 πέμπτου,
742 4673 816 4755 μηνί
847 4673 982 4755 μαρτίιρ,
1020 4667 1125 4758 ἡμέρη
1158 4672 1338 4758 δωδεκάτη,

80 4795 259 4876 ίνδικτιῦνος
282 4802 320 4890 η’.

1089 4906 1105 4968 ρ
1124 4905 1140 4948 ι
