3132 5268
241 343 308 421 '²08

241 545 289 621 εἰς
322 549 357 611 τό
394 545 575 632 ἔμπροσθεν
610 543 705 632 μέχρι
738 543 829 612 πέντε
866 545 942 610 έτῶν
976 555 1036 611 τῶν
1072 547 1185 635 έφεξης
1218 543 1506 634 δκολουδησόντων

242 671 358 756 μεταξύ
381 667 471 758 ἡμῶν
494 691 527 736 τε
551 674 606 735 καί
628 680 684 757 τῐμ
709 672 874 754 βασιλείας
895 667 985 757 ἡμῶν
1008 675 1065 734 καί
1087 679 1142 736 ταό
1164 667 1320 758 ἡμετέρου
1343 671 1440 749 λαοδ,
1464 669 1508 734 έτι

240 817 274 858 τε
297 804 359 860 τῶν
392 796 599 882 κληρονόμων
626 799 683 859 καί
713 796 875 881 διαδόχων
908 791 998 882 ἡμῶν
1031 799 1087 858 καί
1120 790 1218 859 αὐτοῦ
1251 803 1308 858 τοῦ
1343 793 1508 882 ἐπιφανοῦς

240 926 338 1004 κυραυ
366 920 481 990 δυυκός
509 921 565 984 καὶ
592 927 647 983 ταιῖ
675 923 866 1004 κουμουνίυυ
893 915 1043 989 Βενοτίας
1070 921 1126 982 καί
1153 921 1276 981 πάντων
1307 927 1367 985 τῶν
1395 911 1507 981 ὁποτε-

240 1039 403 1128 ταγμένων
428 1038 534 1116 αι’)ταῖς
557 1039 749 1127 διαμένωσιν
777 1040 811 1107 έν
837 1041 942 1128 ἰσχόει
965 1045 1022 1106 καί
1046 1038 1136 1128 ἀκμῇ
1164 1039 1326 1126 εἰλικρινεῖ
1347 1043 1404 1104 καί
1428 1037 1507 1125 ὁμο-

239 1171 311 1250 νοία
344 1167 453 1250 τρέβαι
481 1163 667 1255 όφείλουσαι
701 1167 856 1252 διαρκεῖν,
894 1169 1094 1252 στηρίξαντες
1127 1168 1185 1230 καί
1218 1165 1418 1248 βεβαιοῦντες
1453 1172 1507 1248 τῆς

240 1287 407 1376 εἰρημένης
435 1291 564 1376 διωρίας
592 1294 698 1364 πείσας
726 1293 783 1364 τὰς
810 1291 1036 1378 παρελθούσαις
1064 1292 1121 1353 καί
1148 1285 1367 1361 έκπνευσάσας
1395 1289 1507 1373 τρέβας

241 1417 321 1498 μετὰ
349 1415 473 1477 πάντων
501 1423 561 1478 τῶν
588 1414 787 1501 κεφαλαίων,
822 1423 882 1478 τῶν
910 1415 1151 1484 καταστάσεσιν,
1187 1421 1246 1476 τῶν
1275 1413 1508 1496 σταιχημάειεν,

105 1529 109 1546 '
240 1546 300 1600 τῶν
330 1545 528 1624 συμφωνιῶν,
558 1546 617 1600 τῶν
644 1537 885 1624 διασαφήσεων,
913 1545 973 1600 τῶν
1003 1533 1224 1622 ἑπερωτήσεων
1253 1536 1454 1619 βεβαιῶσεῶν
1478 1555 1507 1596 τε

239 1662 294 1724 καί
322 1663 441 1746 ζημιῶν
470 1658 641 1725 ἐπιδόσεων
671 1683 703 1724 τε
731 1663 787 1724 καί
814 1669 874 1723 τῶν
903 1655 1008 1723 ἄλλων
1043 1661 1166 1723 πόντων
1193 1668 1253 1722 τῶν
1277 1655 1506 1742 ἐμπεριεχομέ-

239 1801 301 1846 νων
328 1779 361 1846 ἰν
391 1792 459 1855 ταῖς
487 1779 614 1868 τρέβαις
645 1792 713 1855 ταῖς
744 1779 889 1867 ἀνωτέρω
920 1781 1132 1868 δηλουμένοις
1162 1790 1231 1853 ταῖς
1258 1781 1506 1864 παρελθούσαις,

238 1908 353 1980 καδῶς
376 1903 472 1993 μέχρι
501 1915 557 1970 τοῦ
585 1916 637 1972 νῦν
669 1907 857 1992 καθέστηκε
892 1907 1042 1992 σόνηδες,
1081 1909 1160 1992 μετὰ
1190 1915 1251 1970 τῶν
1281 1907 1507 1993 διασαφήσεων

237 2035 294 2097 καί
322 2032 574 2118 πρασδιαρισμῶν
602 2041 662 2096 τῶν
689 2034 859 2116 κατωτέρω
888 2033 1152 2117 γραφησομένων,
1182 2029 1345 2116 δηλονότι,
1370 2025 1418 2092 ὅτι
1442 2025 1506 2092 εἰό

236 2159 295 2239 κδρ
334 2155 409 2230 όαόξ
444 2159 501 2218 καί
532 2157 567 2218 τό
598 2157 787 2241 κουμαόνιυν
825 2153 974 2226 Βενετίας
1012 2163 1157 2240 φανεροῖς
1196 2151 1326 2240 ίχαυσιν
1359 2151 1422 2216 ἀπὸ
1454 2159 1507 2216 του

237 2280 334 2344 τόπου
364 2289 425 2342 τῶν
449 2279 565 2364 τρεβῶν
588 2289 649 2343 τῶν
673 2301 706 2343 τε
729 2283 806 2344 νίων
837 2282 893 2344 καί
925 2287 984 2342 τῶν
1014 2278 1173 2354 παλαιῶν,
1203 2274 1285 2341 ὥστε
1310 2275 1424 2351 ἐξεῖναι
1446 2288 1507 2350 ταῖς

237 2401 417 2476 Βενετίκαις
441 2398 542 2467 αὐτῶν
558 2401 713 2468 ὠνεῖσθαι
736 2401 915 2488 έλευδίρως
940 2400 1058 2478 αἰκίας,
1082 2405 1243 2486 κάμπους,
1266 2401 1432 2484 περιβόλια
1454 2403 1507 2468 καί

237 2531 387 2613 κτήματα
422 2525 455 2590 ἰν
490 2537 529 2612 τῇ
563 2525 893 2592 Κωνσταντιναυτόλει
927 2529 983 2590 καὶ
1020 2529 1109 2611 πόση
1144 2537 1183 2612 τη
1218 2526 1368 2608 βασιλεία
1406 2521 1503 2612 ἡμῶν,

238 2649 323 2738 ὅμως
350 2649 369 2716 ό
392 2655 619 2738 προειρημένος
652 2659 711 2736 κυρ
738 2651 813 2726 auae
840 2655 896 2716 καί
924 2653 960 2714 τό
988 2652 1177 2735 καυμαίνιον
1203 2648 1366 2726 Βενετίας,
1402 2671 1504 2714 κατα-

237 2783 381 2846 νοοῦντες
405 2776 460 2862 την
483 2782 648 2860 παραιῖσαν
671 2777 869 2840 κατάστασιν
896 2783 951 2859 τῆς
975 2773 1141 2857 βασιλείας
1165 2768 1270 2858 ἡμῶν,
1300 2770 1353 2838 ἵνα
1376 2773 1506 2853 ἐπιγνῶ-

239 2919 296 2985 μεν
320 2900 376 2986 την
400 2894 501 2962 αὐτῶν
525 2898 629 2984 καλὴν
652 2898 800 2962 διάθεσιν
822 2899 900 2983 πρὸς
923 2898 979 2982 τὴν
1002 2893 1161 2984 ἡμετέραν
1185 2899 1388 2984 συντήρησιν,
1412 2919 1505 2982 πραε·

238 3025 394 3109 νοήσαντα
422 3019 485 3106 όδφ
514 3027 702 3106 καυρτεσίας
733 3024 789 3085 καί
819 3019 945 3107 ἀγάπης
974 3017 1087 3106 αἰρέσαι
1113 3018 1188 3108 ἡμῖν
1216 3029 1327 3086 τοῦτον
1356 3025 1409 3086 τόν
1433 3026 1504 3107 τρό-

237 3165 310 3225 πον,
340 3141 387 3210 ὅτι
415 3147 458 3232 μὴ
487 3145 726 3232 ἐλαττουμένων
752 3145 807 3210 διὰ
834 3152 926 3209 τοῦτο
954 3154 1064 3208 πασῶν
1091 3153 1152 3210 τῶν
1181 3143 1371 3228 έλευδεριῶν
1395 3167 1428 3209 τε
1451 3147 1504 3209 καί

237 3280 448 3358 φροντιστῶν,
484 3269 523 3344 ἃς
553 3269 665 3355 ἔχουσι
699 3273 755 3334 καί
782 3267 867 3354 ἔχειν
902 3264 1082 3356 ὀφείλουσιν
1110 3267 1139 3332 αἱ
1166 3266 1330 3334 Βενέτικαι
1364 3267 1418 3334 διὰ
1446 3279 1503 3334 τῶν

237 3395 368 3479 τρεβεῖν,
395 3393 576 3458 κωλύσουσι
599 3393 671 3466 τούς
702 3387 803 3458 αὐτῶν
831 3391 1032 3470 Βενετίκους,
1061 3387 1141 3456 ῶστε
1166 3396 1261 3478 μέχρι
1283 3399 1339 3478 τῆς
1363 3393 1504 3478 συμπλη-

237 3517 363 3602 ρι’νσειις
390 3520 447 3580 καί
481 3516 611 3602 διωρίας
639 3525 699 3580 τῶν
732 3525 899 3602 παρουσῶν
934 3515 1052 3599 τρεβῶν
1086 3517 1129 3600 μὴ
1165 3513 1324 3600 ἀγοράσαι
1358 3513 1502 3602 όσπητια,

238 3642 364 3718 τόπους,
383 3639 549 3725 περιβόλια
569 3643 624 3705 καί
646 3643 805 3726 κτήματα,
831 3635 1084 3724 ἰναταμενόντων
1101 3649 1160 3704 τῶν
1183 3647 1236 3704 νῶν
1260 3636 1357 3704 ὄντων
1381 3637 1415 3704 έν
1438 3650 1502 3710 ταῖς

238 3767 327 3850 χερσί
352 3771 413 3827 τῶν
441 3761 616 3828 Βινετίκων
650 3765 732 3849 μετὰ
761 3772 821 3826 τῶν
849 3765 969 3847 τρόπων
1004 3759 1132 3826 ἐκείνων
1160 3767 1217 3826 καί
1245 3771 1304 3826 τῶν
1338 3767 1501 3828 καταστά-

237 3909 333 3962 σεαν,
361 3883 441 3953 καθ’
465 3887 503 3961 ἃς
529 3892 706 3974 κατέχουσι
730 3895 829 3951 ταῦτα
852 3889 936 3950 κατὰ
959 3889 996 3950 τὸ
1023 3889 1138 3972 παρόν,
1164 3886 1450 3974 δηλοπαιυυμέναυ,
1479 3885 1503 3950 εἰ

236 4017 293 4081 καί
321 4015 362 4078 τὰ
390 4011 529 4098 μάλιστα
557 4011 611 4076 διὰ
638 4019 698 4075 τῶν
726 4011 843 4096 τρεβῶν
871 4007 988 4082 ἱκανῶς
1015 4007 1082 4074 ἐστι
1105 4010 1218 4096 δῆλον,
1245 4013 1300 4076 καί
1325 4006 1361 4076 οὐ
1385 4012 1434 4077 δεῖ
1456 4009 1502 4076 έπί

235 4139 334 4206 πλείω
362 4141 576 4226 σαρηνίσεινς,
606 4129 653 4200 ότι
682 4133 735 4199 διὰ
763 4135 816 4220 την
846 4129 1014 4220 εἰρημένην
1041 4136 1197 4222 πρόφασιν
1230 4131 1364 4220 οὐδεμία
1391 4138 1500 4200 καινό-

237 4285 307 4352 της,
335 4262 440 4338 δόσις,
475 4256 671 4346 καμμέρκιαν
695 4279 714 4344 η
740 4255 924 4345 ἰμφότευμα
949 4257 1119 4343 δυνήσεται
1143 4254 1328 4345 ἐπιτεθῆναι
1351 4255 1392 4323 δι’
1416 4256 1501 4346 ἡμῶν

237 4411 270 4454 τε
297 4387 354 4454 καί
380 4393 437 4472 της
465 4383 632 4468 βασιλείας
658 4376 747 4468 ἡμῶν
771 4377 821 4446 έπῖ
844 4391 912 4453 ταῖς
939 4378 1070 4458 αἰκίαις,
1094 4391 1158 4454 τοῖς
1189 4384 1310 4459 τόποις,
1338 4394 1404 4456 τοῖς
1427 4385 1502 4468 κτη-

239 4533 318 4598 μασι
347 4507 405 4574 καί
429 4507 622 4594 περιβολίαις
654 4517 717 4578 ταῖς
748 4513 801 4570 νιῖν
834 4500 921 4570 οὖσιν
951 4503 984 4570 έν
1012 4515 1079 4577 ταῖς
1102 4509 1212 4591 χερσίν
1235 4515 1295 4569 τῶν
1318 4505 1501 4580 Βενετίκων,

238 4630 308 4721 ἥτις
333 4634 484 4718 καινότης
513 4629 533 4718 ἢ
559 4631 656 4718 βάρος
690 4629 859 4716 δυνήσεται
888 4625 1050 4714 ἀνακόψαι
1072 4626 1118 4702 εἰς
1149 4629 1272 4716 βλάβην
1302 4633 1359 4694 καί
1390 4634 1502 4718 ζημίαν

239 4769 298 4832 τῶν
325 4758 510 4826 Βενετίκων.
541 4755 588 4821 ίτι
623 4753 731 4844 ἐπειδὴ
766 4749 857 4841 ἡμεῖς
885 4749 902 4816 ὁ
930 4753 1079 4838 βασιλεὺς
1114 4752 1241 4844 εἴπομεν
1275 4777 1317 4842 τιρ
1352 4755 1501 4848 εἰρημένῳ
