3148 5268
228 337 292 406 126

227 531 449 620 ίταιρειάρχυυ
476 541 536 622 κῦρ
563 531 728 602 Νικολάου
755 544 811 600 τοῦ
838 534 990 624 Σιτηροῦ,
1019 537 1229 626 δοθησόμενα
1257 539 1294 604 τό
1318 539 1375 625 μὲν
1399 537 1432 601 ἓν
1457 547 1498 623 τη

228 659 377 742 βασιλεία
399 654 502 745 ἡμῶν,
527 661 563 724 τό
595 659 630 722 όί
653 656 764 746 ἕτερον
787 658 832 746 τῷ
854 661 985 746 τοιούτῳ
1007 668 1067 748 κῦρ
1091 660 1336 748 ἀκοκρισιαρίῷ,
1373 657 1453 746 ἅπερ
1478 655 1498 748 ἡ

229 783 377 866 βασιλεία
399 779 488 870 ἡμῶν
512 794 550 870 τῇ
573 783 641 870 ἰόίφ
664 787 748 872 χειρί
770 787 935 872 γράμμασι
960 785 1136 870 βασιλικοῖς
1160 783 1305 872 ἐρυθροῖς
1333 781 1499 870 ῦπόηραφε

226 909 282 970 καί
305 915 426 994 χρυσῆς
441 907 610 994 βασιλικῆς
627 907 765 996 βούλλης
782 905 1015 998 ἀτηωρημίνης
1040 907 1201 995 ἀσφαλείφ
1216 909 1498 994 τροσεπεκῦρωσε.

228 1033 356 1110 ηίγυνεν
381 1028 414 1094 ἒν
441 1041 480 1118 τη
515 1031 648 1118 μεγάλοι
681 1030 773 1096 πόλει
799 1030 1176 1112 Κωνσταντινουτόλτως,
1212 1031 1245 1097 ὲν
1273 1033 1316 1118 τῷ
1341 1030 1413 1118 ἱερῷ
1436 1041 1499 1096 τῶν

227 1151 417 1240 Βλαχερνῦν
444 1153 604 1239 παλατίιρ,
629 1152 694 1220 ἔτει
722 1151 784 1220 ἀπό
813 1164 868 1242 τῆς
897 1163 951 1220 τοῦ
979 1159 1103 1242 κόσμου
1120 1158 1303 1229 συστάσεως
1327 1153 1499 1240 ἑξακισχι-

227 1277 343 1364 λιοστῷ
376 1273 617 1364 ἀκτακοσιοστῷ
650 1275 813 1366 ἑξηκοστῷ
845 1275 939 1365 ἕκτῳ,
973 1275 1077 1366 ἡμίρη
1100 1277 1201 1366 όηόόη
1234 1287 1289 1344 τοῦ
1320 1275 1500 1364 ἀκτωβρίου

227 1413 282 1492 τῆς
310 1402 483 1490 ἑνδεκάτης
504 1401 712 1476 ίνόικτιιῦνος,
747 1402 809 1470 ἀπό
830 1405 865 1469 όὲ
894 1414 949 1492 τῆς
977 1407 1151 1492 γεννήσεως
1178 1413 1233 1470 τοῦ
1264 1409 1375 1490 κυρίου
1406 1400 1499 1490 ἡμῶν

226 1525 330 1614 Ἰησοῦ
361 1526 498 1613 Χριστοῦ
523 1525 587 1592 ίτει
613 1525 765 1614 χιλιοστῷ
795 1527 1025 1614 τριακοσιοστῷ
1042 1530 1246 1616 πεντηκοστῷ
1268 1525 1410 1614 ίβόόμῳ,
1435 1547 1500 1591 τα-

227 1653 341 1738 ρόντων
365 1651 529 1737 μαρτῦρων
557 1647 595 1714 ἐκ
619 1655 677 1738 μὲν
702 1660 762 1716 τῶν
794 1647 956 1738 ἀρχόντων
986 1649 1149 1737 Ῥωμαίων
1180 1659 1235 1716 τοῦ
1258 1675 1292 1716 τε
1314 1653 1498 1738 περιποθη-

226 1795 281 1838 του
316 1771 492 1864 λξαόίλφου
519 1782 575 1861 τῆς
610 1774 776 1858 βασιλείας
805 1771 893 1862 ἡμῶν
918 1775 1059 1860 μεγάλου
1082 1776 1274 1862 ῦομεστίκου
1296 1783 1356 1861 κῦρ
1380 1775 1497 1860 Δημη-

226 1904 312 1986 τρίου
335 1909 390 1966 τοῦ
415 1897 654 1980 Παλαιολόηου,
686 1909 745 1964 τῶν
769 1901 992 1986 περιπόθητον
1014 1900 1112 1964 θείων
1136 1907 1193 1985 τῆς
1216 1899 1381 1983 βασιλείας
1405 1895 1498 1984 ἡμῶν

225 2033 280 2089 τοῦ
304 2047 338 2088 τε
367 2024 510 2111 μεγάλου
538 2023 730 2110 όορεστίκου
758 2032 818 2110 κῦρ
849 2019 991 2098 Ἀλεξίου
1015 2033 1069 2088 τοῦ
1093 2021 1251 2110 Ἀτυυίμη
1274 2027 1331 2087 καί
1354 2029 1409 2088 τοῦ
1437 2045 1498 2110 με·

225 2150 327 2230 ηάλου
349 2148 529 2228 λοηοίίίτυυ
556 2131 614 2234 κῦρ
637 2145 823 2238 Νικηφόρυυ
846 2143 999 2235 Λάσκαρι
1030 2155 1084 2211 τοῦ
1112 2145 1305 2236 Μετοχίτου,
1330 2157 1385 2212 τοῦ
1408 2169 1500 2233 περι-

223 2276 371 2362 ποθήτου
400 2277 621 2362 συμτενθίρου
655 2283 711 2362 τῆς
740 2272 904 2358 βασιλείας
931 2268 1020 2360 ἡμῶν
1044 2274 1186 2360 μεγάλου
1213 2274 1500 2362 στρατοπεδάρχου

224 2405 283 2484 κῦρ
310 2395 469 2484 Γεωρηίου
503 2406 558 2464 τοῦ
592 2397 712 2484 Ἀστρά
747 2401 803 2462 καί
827 2395 932 2464 ἄλλων
954 2401 1200 2486 παρατυχόντων
1236 2396 1354 2480 ἐκεῖσε,
1391 2395 1430 2462 ἐκ
1460 2398 1495 2462 όὲ

225 2531 284 2588 τῦν
311 2519 485 2588 Βενετίκιον
516 2532 576 2588 τῶν
600 2515 734 2602 εὐγενῶν
761 2519 881 2607 ἀνδρῶν
912 2528 967 2586 τοῦ
987 2543 1020 2586 τε
1045 2521 1101 2608 σῦρ
1124 2519 1276 2607 ’λνδρέυυ
1298 2521 1412 2608 Βενὲρ,
1439 2531 1497 2587 τοῦ

225 2648 282 2734 σῦρ
304 2645 409 2734 Μαρίν
431 2645 627 2726 Ἰουστινιὰν,
657 2655 711 2714 τοῦ
734 2643 900 2712 Νικολάου
929 2644 1146 2732 Πιτζαμάνου,
1175 2656 1229 2712 τοῦ
1260 2645 1410 2734 Ἀνδρίου
1443 2652 1496 2713 ντό

223 2769 419 2860 Μπερνάρῦω
442 2775 498 2837 καί
521 2775 577 2836 τοῦ
599 2768 786 2858 Λεονάρόου
809 2768 937 2858 Φαλόρ,
960 2770 1094 2836 πολιτῶν
1118 2779 1174 2858 τῆς
1195 2769 1360 2850 Βενιτίας,
1386 2771 1435 2836 ἔτι
1459 2771 1495 2836 όὲ

224 2897 281 2962 καί
303 2905 357 2962 τοῦ
380 2894 502 2984 Πίτρυυ
524 2893 652 2982 Κορνᾰρ
675 2895 898 2980 όραγουρανυυ
918 2903 977 2960 τῶν
1001 2891 1176 2960 Βενετίκων
1200 2892 1232 2961 ἐν
1255 2906 1294 2982 τῇ
1318 2893 1496 2962 Κωνσταν-

224 3019 400 3086 τινουκόλει
422 3023 451 3100 †.

311 3142 594 3230 ξ’ίοιάννητ,
630 3139 675 3208 ἐν
712 3139 893 3230 Χριστῷ
929 3139 984 3230 τῷ
1019 3122 1110 3228 θεῷ
1150 3145 1315 3218 πιστός
1360 3144 1494 3226 βασι-

222 3267 329 3343 λεός
363 3265 442 3333 καί
479 3261 782 3352 αὐτοκράτωρ
809 3261 1054 3352 Ῥωμαίων,
1089 3262 1105 3330 ό
1144 3263 1493 3348 Παλαιολόηυς.

311 3399 388 3472 θήρ.
412 3399 523 3456 membr.
549 3397 699 3454 ίαόιιίίατίι·
724 3397 829 3458 Veneti.
854 3395 952 3455 Aurea
974 3397 1054 3452 όειίία
1076 3397 1189 3456 ουιιόεα.
1216 3397 1314 3454 Venio
1335 3397 1432 3454 latina
1452 3399 1494 3455 σά

220 3524 358 3582 όεατταιυ.

458 3813 552 3883 XXX.
570 3813 657 3884 6869
674 3817 791 3898 (1361)
807 3833 914 3883 mense
928 3813 1071 3884 ianuario
1087 3815 1152 3883 ind.
1170 3815 1249 3886 XIV.

265 3985 377 4042 simon
392 3981 597 4054 Ρσίπεοίορκε,
618 3983 779 4055 §asperam
793 3981 990 4037 Romanorum
1004 3992 1031 4038 ει
1045 3981 1204 4045 Sorbet-um,
1222 3983 1331 4039 Ῑοαιικί
1345 3981 1451 4059 Ζαβοε

573 4107 677 4163 Ursino
692 4105 795 4162 Βοεαε
806 4107 985 4178 μετίάόσρίιιοι
1000 4110 1134 4180 impertit.

309 4259 483 4350 ξἘτιιόή
515 4263 609 4348 ψήφῳ
640 4260 720 4324 θεοῦ
752 4257 868 4350 ἐπέστη
900 4257 1084 4346 ἐμπρησμὸς
1114 4271 1153 4348 τη
1183 4263 1365 4350 θεωσιόστιρ
1396 4264 1491 4328 πόλει

220 4387 342 4478 Ἀρτης
365 4383 422 4450 καί
445 4388 484 4452 τό
508 4381 609 4471 ὥραια
633 4379 744 4470 αὐτῆς,
769 4391 826 4471 φεῦ
847 4385 1010 4470 κατέφαγε
1033 4387 1089 4448 καί
1112 4384 1284 4474 κατέφλεξε
1311 4384 1367 4450 καὶ
1390 4392 1490 4452 κατί-

221 4514 352 4601 φῦειρεν
376 4505 476 4574 αῦτων
499 4511 617 4584 πάντα,
650 4503 711 4572 ὅσα
734 4519 883 4594 κατεῖχεν
907 4503 1067 4572 ἀνόκαόεν
1091 4512 1209 4594 χαρτία
1232 4513 1287 4576 καὶ
1310 4509 1492 4596 ῦικαιιόμα-

221 4658 275 4715 τα,
303 4636 358 4700 διὰ
385 4641 476 4698 τοῦτο
512 4629 662 4720 ἀνέφερεν
686 4627 703 4695 ό
730 4631 943 4716 περιπόθητος
978 4633 1034 4694 καί
1069 4631 1263 4710 τλυκῦτατος
1297 4635 1401 4720 πατὴρ
1435 4639 1492 4700 καί

223 4761 392 4831 σόνιεκνος
422 4763 478 4842 τῆς
510 4753 673 4836 βασιλείας
707 4776 778 4842 μου,
809 4759 910 4840 μόρας
940 4755 1172 4830 κοντόσταυλος
1206 4757 1313 4843 κῦριος
1343 4755 1491 4848 Ἰωάννης
