3148 5268
1281 391 1345 458 123

92 610 140 674 ρας
159 584 217 660 ἕεις
241 583 312 662 ἐνὸς
335 591 451 676 χρόνου
479 591 535 654 παί
563 584 645 656 οὕτω
673 592 759 655 πατὰ
787 589 945 677 όιαόυχην
974 585 1109 676 ἐτησίωτ
1137 585 1232 675 ἄχρις
1256 583 1343 652 ἐντε-

91 712 153 784 λοῦς
179 709 431 800 ίαανοποιησεως
461 716 586 779 πάντων
613 724 675 778 τῶν
701 716 943 802 προρρηῦένειεν
972 710 1030 779 ὑπὸ
1057 723 1099 800 τῇ
1125 712 1344 800 όιαληφθείση

90 832 241 924 υπυβήπη,
266 836 348 924 ιβπερ
371 839 410 924 δὴ
435 835 664 925 ἀπυπρισιαρίιρ
688 837 731 926 περ
758 837 1023 925 ἐπαγγελλομίνιρ
1046 837 1344 923 παίπαραλαμβά-

91 981 163 1026 νοντι
184 973 284 1029 ταῦτα
308 962 350 1050 περ
372 958 504 1050 όνόμαει
538 969 594 1030 παί
628 965 743 1050 όιπαίιρ
778 972 833 1030 τοῦ
864 961 1032 1054 ἐπιφανοῦς
1066 971 1126 1049 πῦρ
1149 963 1266 1035 όυυπός
1288 964 1346 1026 παῖ

91 1093 137 1150 ιυῦ
162 1087 305 1152 τοιούτου
331 1092 503 1174 πομουνίου
530 1097 585 1176 τῆς
613 1085 762 1162 Βενετίας
797 1083 933 1178 ἀφηπεν,
962 1085 1151 1164 ἐξουόίνευσε
1178 1084 1235 1152 παὶ
1263 1083 1346 1172 ἀπή·

90 1211 185 1295 λειβεν
211 1207 231 1298 ἡ
262 1212 410 1295 βασιλεία
443 1207 532 1298 ἡμῶν
566 1212 621 1277 διὰ
650 1221 705 1299 τῆς
735 1213 899 1298 παρούσης
936 1215 1116 1300 συμφωνίας
1148 1213 1255 1284 πάσας
1289 1211 1345 1283 τὰς

91 1333 237 1420 ἐπηρείας,
262 1339 301 1400 τά
326 1337 408 1424 βάρη
431 1357 465 1400 τε
489 1340 545 1401 παί
567 1339 607 1401 πά
629 1339 863 1424 προσαόμματα
886 1341 943 1402 ααί
966 1340 1022 1410 τάς
1047 1339 1164 1424 ζημίας
1188 1339 1244 1407 τὰς
1269 1332 1347 1400 ἐπα-

90 1459 217 1543 χθείσας
235 1462 323 1545 παρὰ
346 1469 401 1524 τοῦ
431 1465 604 1546 αομυυνῑου
632 1471 688 1549 της
711 1459 876 1538 Βενετίας,
906 1458 954 1524 ἐτι
977 1460 1013 1525 όέ
1035 1463 1092 1524 παί
1114 1469 1175 1524 τόν
1197 1459 1344 1548 πεφαλά-

89 1584 142 1646 όων
156 1571 222 1647 τοῦ
246 1585 389 1648 τοιοόιιυ
415 1594 474 1670 πῦρ
501 1585 616 1659 όουπός
639 1587 695 1650 παὶ
717 1593 773 1650 τοῦ
796 1588 967 1671 πυμουνίου
989 1593 1046 1672 της
1067 1581 1253 1672 Βενετίαςῆ
1274 1581 1345 1670 παρ’

89 1704 285 1794 οἱυνῦητινων
308 1705 414 1776 ἄλλων
438 1705 558 1794 ἐνόχων
582 1729 616 1773 τε
645 1713 701 1773 παῖ
729 1689 937 1797 ἐφφιπιαλίυν
960 1712 1016 1773 παὶ
1043 1702 1257 1793 ὁποπειμίνων
1286 1702 1345 1770 αῦ-

89 1844 144 1904 τοῖς
166 1828 238 1919 ἡμῖν
263 1855 295 1896 τε
318 1837 375 1902 ααί
398 1843 437 1920 τη
462 1833 611 1918 βασιλεία
630 1829 719 1920 ἡμῶν
739 1837 796 1898 ταί
819 1843 883 1906 τοῖς
905 1845 1026 1907 πιστοῖς
1048 1837 1105 1897 παί
1128 1827 1345 1918 ὑποτεταγμί-

87 1979 145 2030 νοις
167 1953 241 2044 ἡμῖν
265 1957 342 2044 ἄχρι
365 1967 420 2046 της
448 1961 585 2046 σήμερον
612 1953 735 2046 ημόρας
762 1956 982 2045 ἐλευθεροῦσα
1003 1963 1060 2024 παί
1083 1955 1267 2024 ἀπολύουσα
1289 1955 1346 2022 παὶ

88 2081 271 2169 ἐλευβέρους
294 2089 350 2148 παί
374 2080 627 2170 ἀπολελυμίνους
656 2081 700 2158 είς
724 2085 759 2148 πό
782 2083 928 2172 διηνεπές
951 2079 1103 2171 ὑπάρχειν
1127 2080 1288 2150 ἐθέλυυσά
1311 2105 1345 2148 τε

86 2210 135 2271 παί
161 2207 365 2295 όιοριίομίνη
393 2211 445 2272 τόν
473 2229 507 2272 τε
536 2207 726 2295 όηλωόίντα
755 2208 891 2296 ίπιφανη
922 2215 981 2294 πῦρ
1009 2209 1112 2273 όυῦπα
1139 2211 1196 2276 καί
1221 2209 1257 2272 τό
1285 2227 1345 2272 πυ·

86 2331 205 2414 μοόνιον
231 2329 382 2404 Βενετίας
410 2335 465 2395 παὶ
493 2332 567 2406 τούς
596 2327 692 2398 αὐτοῦ
715 2333 835 2406 πάντας
864 2329 925 2398 ἀπὸ
947 2342 1057 2398 ποιοῦν
1086 2341 1146 2396 τῶν
1173 2331 1346 2418 είρημένων

85 2459 212 2540 ίημιῦν,
249 2464 309 2520 τῶν
337 2471 370 2518 τε
400 2452 552 2542 ἐπηρειῦν
579 2459 636 2520 παί
662 2462 717 2520 τοῦ
753 2457 870 2542 βάρους
904 2459 960 2520 παί
994 2465 1054 2520 εῦιν
1077 2459 1344 2542 πρυσπομμάτων,

82 2583 132 2643 παί
161 2586 299 2644 ποιοῦσα
329 2577 373 2665 τῷ
400 2573 531 2667 ῥηόένει
559 2575 790 2666 ἀπυπρισιαρίιρ
818 2579 860 2667 περ
882 2576 1090 2668 όποαχομίνιρ
1125 2577 1182 2645 παὶ
1214 2559 1344 2666 λαμβά-

81 2721 159 2767 νοντι
181 2710 283 2768 ταῦτα
306 2699 350 2788 τῷ
370 2701 526 2776 πολλάκις
549 2700 703 2790 είρημόνιρ
727 2701 859 2791 ἐνόματι
882 2704 982 2782 πέλος,
1008 2702 1208 2791 ἐλευθερίαν,
1234 2701 1345 2792 ἔφεσιν

80 2831 130 2892 παὶ
153 2823 334 2914 ἀπόφλησιν
358 2829 413 2891 παὶ
437 2821 610 2913 ὑπόσχεσιν
634 2825 690 2892 παὶ
714 2831 895 2916 συμφωνίαν
920 2835 975 2893 τοῦ
998 2830 1043 2916 μὴ
1069 2827 1270 2916 αίτήσασβαι
1289 2835 1345 2892 τοῦ

80 2951 187 3014 λοιποῦ
210 2947 231 3037 ἢ
256 2945 436 3037 ὑπομνῆσαι
459 2953 499 3015 τὰ
521 2950 771 3038 προόηλωθὲνπα
794 2951 837 3037 τῷ
859 2951 1069 3041 όιαληφόέντι
1092 2961 1151 3039 πῦρ
1174 2952 1266 3016 δουπί
1289 2949 1346 3016 παὶ

81 3073 118 3159 ιιβ
145 3077 306 3159 πυμουνίιρ
334 3081 390 3160 της
418 3071 577 3148 Βενετίας·
613 3077 672 3140 παί
698 3071 911 3163 ὁμοιοτρόπως
936 3073 953 3142 ὁ
980 3083 1120 3152 τοιοῦτος
1152 3073 1345 3162 ἀπυπρισιά·

80 3219 139 3281 ριος
168 3196 211 3282 τῷ
237 3201 456 3283 προειρημόνιρ
484 3193 617 3285 ἐνόματι
651 3196 788 3288 ἐιφηπεν,
824 3197 979 3286 ἀπηλειψί
1009 3221 1042 3264 τε
1070 3203 1127 3264 παί
1154 3196 1344 3275 ἐξυοόένωσε

80 3323 180 3394 πάσας
203 3322 261 3393 τὰς
285 3317 448 3407 ἐπηρείας,
477 3323 518 3385 τά
545 3344 578 3386 τε
607 3323 691 3409 βάρη
718 3325 773 3387 παί
800 3325 840 3388 τὰ
866 3325 1098 3410 προσπόμμαπα
1123 3325 1180 3387 παί
1202 3326 1259 3408 τὰς
1283 3325 1343 3410 ζη-

83 3451 150 3531 μίας
177 3450 234 3520 τός
263 3443 464 3532 ἐπαχθείσος
493 3443 593 3513 ἅπασι
621 3459 685 3532 τοῖς
711 3447 891 3524 Βενετίποες
914 3445 936 3536 ἥ
960 3467 1019 3514 τινι
1047 3443 1150 3514 αὐτῶν
1178 3451 1266 3534 παρὰ
1289 3454 1344 3534 ποῦ

82 3573 156 3638 λαοῦ
178 3575 237 3636 παί
260 3581 320 3636 τῦν
344 3565 493 3658 ὑπηπόων
515 3583 554 3659 τη
579 3574 728 3658 βασιλεία,
742 3569 842 3661 ἡμῶν,
867 3570 1046 3663 ἀπόφλησιν
1061 3584 1159 3640 ποιεῖν
1180 3578 1237 3640 ποί
1252 3571 1344 3660 ἐλεο-

80 3697 178 3782 ἐιρῦν
212 3693 270 3760 παὶ
305 3693 450 3762 άπυλῦων
485 3691 570 3782 ημᾶς
604 3700 660 3762 παί
694 3698 748 3786 την
780 3698 946 3781 βασιλείαν
980 3695 1069 3786 ἡμῶν
1100 3696 1157 3764 παὶ
1184 3700 1237 3763 τόν
1266 3699 1344 3764 λαόν

80 3816 161 3905 ἠμῦν
190 3817 253 3885 ἀπό
281 3829 342 3884 τῶν
375 3819 678 3909 προόιαληφίίεισῦν
714 3825 834 3908 ίημιεῦν
861 3825 918 3888 ταί
944 3832 1000 3911 της
1028 3823 1152 3910 βλάβης
1186 3821 1264 3910 ἄχρι
1287 3831 1343 3908 τῆς

80 3945 243 4032 είρημόνης
269 3941 401 4033 ἡμέρας.
432 3941 491 4011 οέπ
520 3943 636 4012 ἐννοεῖν
665 3947 700 4011 δὲ
723 3949 786 4035 χρη
810 3947 864 4013 διὰ
886 3957 943 4035 τῆς
964 3949 1127 4035 παρούσης
1150 3949 1265 4034 τρίβος
1288 3953 1345 4014 παί

81 4074 265 4158 συμφωνίας,
290 4067 333 4142 ὥς
357 4067 412 4135 ἐάν
436 4091 517 4144 τινες
540 4069 600 4136 εἶεν
624 4071 834 4156 συμβιβάσεις
857 4075 913 4136 ναί
936 4075 1110 4158 γράμματα
1132 4075 1188 4136 καί
1211 4093 1343 4161 συρφω·

81 4199 139 4258 νίαι
160 4200 217 4260 παί
241 4197 412 4282 συνόηπαι,
436 4192 479 4260 ὧν
502 4203 541 4282 ιη
564 4195 696 4282 δυνάμει
717 4201 916 4283 χρεωστοῦσί
938 4217 1020 4272 τινες
1041 4193 1191 4284 Ῥωμαῖοι
1207 4192 1344 4284 ὁπηπρυι

81 4322 130 4384 ιαί
149 4322 253 4386 πιστοί
276 4329 316 4405 τῇ
340 4321 489 4403 βασιλεία
509 4315 599 4406 ἡμων
621 4317 802 4394 Βενετίπυις
825 4323 887 4385 τισί
909 4325 965 4388 παί
987 4330 1109 4394 πιστοῖς
1132 4325 1188 4386 καί
1210 4318 1343 4388 ὁποπει·

83 4443 179 4524 μόνοις
206 4443 250 4528 τῷ
277 4443 409 4526 εοιυότιρ
438 4439 579 4530 ἐπιφανεῖ
606 4452 666 4530 πῦρ
692 4441 784 4508 όυυπὶ
811 4447 868 4508 παί
900 4447 943 4530 περ
975 4448 1133 4531 πυμυυνίιρ
1162 4455 1218 4533 της
1243 4445 1343 4514 Βενε-

82 4571 141 4640 πίας
162 4565 183 4654 ἢ
208 4565 245 4631 ἐπ
270 4575 325 4632 τοῦ
348 4563 557 4654 ἀντιστρόφου
578 4565 745 4634 Βενάπιποί
767 4587 849 4642 τινες
873 4564 1075 4656 ὀποπείμενοι
1098 4569 1143 4657 τῷ
1163 4571 1343 4659 δηλωθέντι

83 4699 134 4774 πῦρ
155 4693 247 4756 όυυπί
269 4695 325 4756 παί
349 4691 393 4777 τῷ
413 4697 592 4777 πυομουνίιρ
616 4703 672 4780 της
694 4691 844 4767 Βανεείας
868 4694 1068 4780 χρεωστυῦσί
1088 4719 1151 4760 τισι
1172 4693 1342 4782 Ῥωμαίοις

84 4829 190 4894 πιστοῖς
212 4822 269 4883 παὶ
293 4813 557 4904 ιἰποεεεαχμένυις
581 4829 619 4906 τη
643 4817 790 4904 βασιλεία
809 4813 909 4906 ἡμῶν,
934 4823 1018 4884 αατά
1039 4841 1108 4884 τινα
1129 4825 1242 4907 τρόπον
1262 4821 1342 4888 εἶναι
