3182 5264
222 380 268 456 ιι,

217 597 278 660 μου
308 575 433 638 δίκαιον
463 579 520 640 καί
550 553 720 660 διόρθωσιν
748 576 794 650 είς
826 573 1035 661 ἐνδεχόμενον
1067 579 1180 658 καιρόν
1211 579 1291 661 μετὰ
1324 579 1359 640 τό
1393 576 1490 654 ἐλεγ-

216 703 350 788 χθῆναι.
384 701 493 766 πλοῖον
528 697 613 786 ύμων
638 701 665 766 εὶ
688 705 864 787 ναυαγήσει
899 699 931 765 ἐν
955 713 994 788 τῇ
1018 699 1203 785 ἐπικρατείᾳ
1237 711 1292 786 τῆς
1320 702 1491 783 βασιλείας

216 847 290 908 μου,
308 828 348 888 τὰ
370 829 544 910 πράγματα
567 821 668 912 ύμιῖιν,
701 822 833 910 ἃύμεῑς
857 827 1067 911 ἐλευθεροῦτε
1091 830 1148 890 καί
1170 825 1357 910 ἐκβάλλετε,
1383 850 1491 895 σεσω-

215 954 317 1034 σμένα
338 947 390 1014 ἵνα
415 949 513 1035 ἔχητε
537 947 730 1036 ἀμερίμνως,
754 955 810 1014 καί
834 951 855 1016 δ
878 951 914 1014 δέ
939 949 1150 1032 ἐκβάλλουσιν
1174 949 1204 1015 οἱ
1227 948 1378 1036 Ῥωμαῖοι
1406 953 1492 1037 βοη-

214 1075 385 1158 θήσαντες,
409 1072 461 1138 ἵνα
483 1073 583 1160 ἔχητε
607 1073 742 1140 κάκεῖνα
764 1078 985 1164 παρασχόντες
1009 1078 1094 1138 κατὰ
1118 1077 1171 1138 τόν
1195 1077 1289 1140 τύπον
1311 1085 1367 1140 τού
1391 1079 1492 1140 τόσσα

213 1201 292 1284 πρός
316 1193 430 1270 αύτούς
453 1202 507 1262 τόν
531 1202 664 1285 μισθόν,
693 1199 722 1264 εἰ
745 1201 787 1285 μή
810 1198 888 1272 ἴσως
912 1197 1065 1272 ἑκουσίως
1096 1203 1194 1284 μέσον
1218 1195 1304 1284 ύμκῖιν
1327 1198 1490 1266 κάκείνων

214 1321 322 1407 ἕτερόν
351 1347 380 1388 τι
408 1328 619 1412 συμμωνηθη.
655 1329 711 1398 τὰς
744 1329 966 1410 πραγματείας
998 1320 1097 1409 ύμνὶιν,
1132 1325 1172 1398 ἃς
1198 1329 1308 1411 φέρετε
1339 1323 1402 1390 ἀπό
1429 1333 1490 1408 τῆς

213 1451 321 1534 χώρας
346 1443 431 1534 ύμων
455 1454 511 1516 καί
536 1447 587 1513 ἀπ’
612 1447 786 1534 ἀλλοτρίων
808 1459 919 1535 χωρῶν
943 1458 1003 1512 τῶν
1027 1449 1070 1532 μὴ
1095 1442 1309 1532 ύποιιειμένων
1331 1459 1368 1534 τη
1393 1450 1491 1531 βασι-

213 1573 283 1656 λείη
306 1569 395 1659 ἡμῶν
420 1577 499 1658 μετὰ
522 1577 558 1640 τό
594 1573 700 1642 ἐλθεῖν
735 1570 817 1659 ύμᾱς
851 1576 929 1658 πρός
953 1573 1007 1658 τὴν
1032 1573 1197 1654 βασιλείαν
1220 1569 1319 1658 ἡμῶν,
1348 1573 1408 1638 εἴτε
1441 1573 1490 1646 εἰς

212 1697 553 1775 Κωνσταντινούπολιν,
590 1698 651 1764 εἴτε
687 1699 731 1772 είς
765 1703 823 1772 τὰς
858 1702 973 1786 νήσους
1008 1707 1062 1783 της
1094 1699 1261 1780 βασιλείας
1294 1695 1400 1784 ἡμῶν,
1431 1697 1489 1762 ἵνα

213 1823 310 1908 ἔχητε
335 1820 381 1886 ἐπ’
405 1819 517 1896 ἁδείας
541 1821 710 1908 ἐκβάλλειν
733 1829 789 1888 καί
812 1823 925 1891 πωλεῖν
947 1821 1023 1908 ένῷ
1047 1821 1244 1908 ἀπληκεύετε
1269 1827 1353 1908 τόπῳ
1377 1821 1488 1888 ἐκείσὲ

212 1969 245 2010 τε
268 1950 324 2012 καί
359 1945 505 2032 ἀλλαχοῦ
541 1953 637 2033 μέσον
672 1957 728 2033 της
763 1946 964 2033 ἐπικρατείας
988 1957 1042 2033 τῆς
1078 1948 1247 2030 βασιλείας
1269 1943 1374 2034 ἡμῶν,
1404 1950 1489 2030 πρός

212 2069 266 2143 ούς
291 2068 329 2134 ἂν
354 2073 516 2158 βούλησθε
540 2074 677 2159 μηδενός
701 2070 810 2156 ἑτέρου
834 2076 947 2157 μέρους
972 2070 1006 2158 [ἣ
1031 2075 1158 2158 τρόπου]
1185 2071 1389 2148 ἐπιτάξαντος
1414 2068 1488 2156 ύμῖν

213 2201 298 2260 κατὰ
322 2205 376 2262 τοῦ
401 2198 588 2282 θελήματος
611 2195 696 2282 ύμιύν
718 2197 751 2262 ἐν
767 2220 801 2262 τε
817 2208 856 2284 τῇ
876 2200 990 2282 πρόσει
1013 2200 1069 2260 καί
1092 2208 1130 2282 τη
1155 2200 1364 2283 μεταποιήσει
1386 2200 1488 2282 χωρίς

211 2333 271 2384 των
306 2321 435 2408 ἐχθρῶν
458 2332 513 2408 τῆς
538 2324 703 2406 βασιλείας
731 2346 806 2408 μου,
834 2327 891 2388 καὶ
913 2320 966 2386 ἵνα
989 2326 1151 2407 παρέχητε
1186 2326 1242 2386 καί
1277 2321 1326 2386 ἐπὶ
1360 2323 1486 2393 τούτοις

210 2452 407 2532 κομμέριιιον
442 2446 484 2522 ὡς
520 2446 664 2533 ἀνωτέρω
700 2449 838 2534 εἴρηται,
874 2451 930 2520 τὰς
963 2449 999 2512 δέ
1036 2445 1138 2520 ἄλλοις
1172 2452 1393 2532 πραγματείας
1425 2451 1485 2520 τὰς

209 2569 308 2644 οὔσας
332 2569 370 2634 ἐκ
393 2581 448 2657 τῆς
472 2571 650 2658 Ῥωμανίας
673 2571 726 2638 ἵνα
748 2575 874 2658 πωλητε
901 2570 944 2644 ὡς
968 2570 997 2635 οἱ
1020 2570 1181 2656 Ῥωμαῖοι,
1204 2575 1261 2657 καί
1285 2571 1413 2636 διδόατε
1438 2569 1484 2644 ὡς

209 2695 239 2762 οἱ
262 2695 426 2782 Ῥωμαῖοι,
461 2701 656 2782 γραμμιιίτων
689 2701 969 2785 πεμφθησομένων
1003 2700 1089 2780 παρὰ
1112 2705 1169 2780 της
1192 2697 1361 2784 βασιλείας
1392 2692 1486 2781 ἡμῶν

210 2821 255 2894 εἰς
279 2825 336 2894 τὰς
358 2825 467 2908 χώρας
492 2819 606 2908 αύτης,
631 2824 665 2886 ἐν
689 2821 739 2895 αίς
764 2824 897 2908 μέλλετε
925 2826 1102 2905 καταίρειν,
1129 2817 1182 2884 ἵνα
1209 2819 1241 2884 οἱ
1267 2819 1371 2884 ἐκεῖσε
1399 2825 1487 2905 προί-

208 2967 319 3032 κτυρες
343 2952 519 3032 γνωρίσωσι
549 2948 604 3032 τὴν
627 2949 704 3031 πρός
728 2949 783 3032 τὴν
808 2947 973 3029 βασιλείαν
997 2967 1058 3030 μου
1081 2947 1233 3029 ιιαθαρόιν
1256 2949 1359 3011 πίστιν
1395 2940 1484 3028 ύμιῑιν

207 3076 263 3134 καί
286 3071 440 3136 δούλωσιν
468 3077 523 3147 καί
552 3075 591 3134 τὰ
618 3075 804 3156 τυμωθὲντα
829 3075 917 3155 παρὰ
943 3080 998 3156 τῆς
1022 3072 1273 3152 βασιλείαςμου
1294 3071 1372 3153 πρὸς
1398 3063 1485 3152 ύμᾱς

207 3201 262 3260 καί
285 3199 326 3260 τὰ
348 3193 420 3280 παρ’
445 3191 529 3282 ύμιρν
552 3200 631 3281 πρός
655 3194 768 3283 αὐτὴν,
803 3194 845 3268 ὣς
870 3193 917 3284 ἂνι
932 3197 976 3280 μὴ
999 3197 1256 3282 παρεξέρχωνται
1283 3197 1323 3258 τὰ
1347 3215 1484 3278 συμφω-

207 3323 348 3406 νηθέντα
377 3325 465 3406 παρὰ
488 3331 544 3408 τῆς
569 3323 732 3404 βασιλείας
760 3345 821 3406 μου
845 3319 878 3384 οἵ
899 3344 932 3386 τε
960 3322 1075 3391 δούιιες
1106 3324 1163 3384 καί
1186 3317 1216 3385 οἱ
1238 3321 1343 3384 λοιποί
1367 3317 1397 3382 οἱ
1420 3314 1483 3383 ύπύ

208 3446 263 3529 την
297 3442 442 3519 ἐξουσίαν
478 3455 533 3532 της
568 3447 731 3528 βασιλείας
767 3468 843 3530 μου,
880 3443 965 3508 ἀλλὰ
992 3447 1047 3508 καί
1074 3443 1102 3507 εἰ
1126 3445 1234 3530 συμβη
1270 3445 1424 3522 γενέσθαι
1450 3465 1484 3508 τι

208 3567 336 3646 ἄδιιιον,
370 3567 424 3634 ἵνα
457 3569 625 3656 ἐκδικῆται
651 3567 729 3654 ,παρ’
755 3565 856 3634 αύτιῐιν
887 3573 942 3632 καί
965 3573 1092 3654 γίνηται
1114 3565 1134 3654 ἡ
1159 3569 1333 3652 διόρθωσις
1367 3568 1484 3632 δικαία

209 3693 251 3766 ύις
276 3691 314 3758 ἂν
337 3699 394 3758 καί
416 3699 504 3780 παρὰ
527 3707 581 3782 της
604 3697 772 3778 βασιλείας
797 3717 868 3779 μου.
892 3693 937 3765 εἰς
954 3697 1066 3773 Ιιιυίσας
1090 3697 1146 3765 τὰς
1166 3697 1277 3778 χώρας
1301 3686 1399 3776 αύτης
1422 3695 1485 3758 καί

208 3824 265 3892 τὰς
288 3823 419 3906 νησυυς,
449 3820 481 3883 ἐν
505 3819 556 3893 αίς
580 3819 618 3884 ἂν
642 3819 857 3906 ἀπληιιεύητε,
889 3819 919 3882 οί
943 3815 1034 3883 αύτυί
1055 3822 1145 3884 τόποι
1169 3818 1385 3904 φυλάττωνται
1409 3813 1482 3902 ύμῖν

208 3949 264 4008 καί
286 3943 307 4032 ἡ
332 3943 412 4031 αύτὴ
437 3947 767 4032 γίνηταιιδιόρθωσις.
796 3944 882 4029 είπερ
907 3942 969 4008 ἀπό
993 3963 1075 4015 τινος
1097 3953 1158 4008 τῶν
1181 3941 1356 4008 Βενετίιιων
1379 3939 1400 4026 ἠ
1426 3939 1482 4028 ἀφ’

209 4067 315 4154 ἑτέρου
345 4066 555 4156 ύπυκειμένου
584 4083 622 4157 τη
647 4073 797 4154 βασιλεία
828 4068 917 4156 ἡμῶν
943 4067 1114 4153 ἀνθρώπου
1137 4070 1235 4151 πύθη
1252 4090 1300 4138 τις
1323 4065 1483 4155 Ητσσαίρς

210 4191 346 4278 ἀτιμίαν.
360 4194 464 4281 δεινὴν
488 4193 508 4280 ἢ
532 4190 618 4280 ύβριν
643 4193 792 4280 ἄσχημον
815 4193 835 4281 ἢ
860 4205 919 4258 ιιῑιν
934 4197 1126 4278 πραγμάτων
1151 4187 1247 4258 αύτού
1272 4196 1402 4277 ζημίαν,
1423 4189 1484 4257 ἵνα

209 4327 337 4402 ποιῆται
371 4321 544 4404 διόρθωσιν
571 4343 591 4406 η
616 4321 769 4402 ’βασιλεία
799 4316 892 4405 ἡμῶν
924 4323 1004 4404 μετὰ
1031 4320 1066 4382 τό
1092 4315 1316 4403 ἐλεγχθῆναι,
1333 4315 1365 4382 εί
1399 4313 1481 4383 ύπο·

209 4447 341 4530 μνησθη
369 4441 389 4531 ἡ
416 4447 563 4528 βασιλεία
585 4442 689 4532 ἡμῶν,
724 4449 809 4509 κατὰ
831 4449 885 4508 τόν
916 4447 1141 4528 νενομισμένον
1164 4446 1230 4506 καί
1266 4441 1478 4528 ἐνδεχόμενον

128 4583 131 4590 ·
209 4571 329 4654 καιρόν.
355 4567 388 4633 ἐν
411 4573 499 4655 πάση
524 4582 563 4656 τη
585 4567 771 4654 ἐπικρατείᾳ
786 4565 884 4654 αύτῆς
899 4571 940 4632 τὰ
954 4569 1049 4633 πλοῖα
1072 4564 1158 4653 ύμιῖιν
1172 4571 1238 4631 τιαί
1261 4565 1290 4630 οἱ
1313 4565 1479 4653 ἅνθρωποι

210 4689 295 4778 ύμιῖιν
332 4693 520 4778 βουλόμενοι
554 4691 747 4780 ὑποστρέψαι
774 4692 819 4764 εἰς
848 4692 970 4758 Πίσσαν
1000 4688 1036 4756 ού
1061 4694 1103 4779 μὴ
1127 4693 1325 4768 κωλύωνται,
1361 4688 1477 4778 υύτεὴ

209 4818 361 4904 βασιλεία,
382 4839 452 4905 μου,
475 4815 550 4894 Ιυύτε
573 4815 591 4882 ὁ
613 4823 829 4906 περιπόθητος
852 4816 918 4896 υἱός
943 4813 1039 4907 αύτης
1062 4823 1117 4895 καί
1142 4816 1291 4902 βασιλεύς
1311 4811 1330 4880 ό
1352 4835 1476 4902 πορρύ-
