3148 5268
1282 417 1322 484 91

71 617 114 681 ἵνα
134 640 152 704 η
177 619 325 702 βασιλεία
349 615 437 705 ἡμῶν
462 631 536 706 πσιη
562 617 778 684 ἀποδίδοσθαι
806 616 880 683 ύλον
904 623 938 683 τσ“
964 617 1138 706 ἀφαιρεθὲν
1162 615 1205 704 τῷ
1226 615 1302 683 Βενε

70 747 135 826 τίνιιμ
170 741 233 807 ἀπὸ
264 753 318 808 τοῦ
348 743 526 830 βεστιαρέοο
556 741 653 832 αύτῆς
681 743 700 832 ἤ
726 743 880 822 ἄλλοθεν,
911 741 988 809 ὅθεν
1018 744 1130 831 ἔσηται
1160 743 1196 808 ἐτι
1226 743 1326 828 θελή·

70 889 156 950 ματος
192 877 249 954 της
286 869 451 950 βασιλείας
485 865 583 955 ἡμῶν.
618 867 670 932 ἰ’να
700 891 731 933 τε
760 868 832 955 περὶ
860 881 919 933 των
953 869 1129 935 Βενετίαων
1152 867 1171 955 ἢ
1196 879 1256 931 τῶν
1284 863 1326 938 ἀς

70 991 232 1056 Βενετίιιων
267 997 488 1078 κρατουμένων
523 997 707 1082 πιστεύηται
735 995 770 1058 τύ
801 989 888 1080 ῥῆμα
924 1001 978 1058 τού
1008 973 1190 1079 Ιμπαῐούλου
1217 989 1236 1080 ἧ
1268 1001 1327 1056 τιον

69 1115 162 1178 ἄλλων
198 1127 312 1202 κριτῶν
335 1126 395 1181 τῶν
424 1114 498 1204 ύπέρ
533 1129 593 1182 τῶν
622 1117 796 1183 Βενετίειων
830 1113 927 1182 ὄντων
957 1116 989 1182 ἐν
1017 1129 1055 1204 τη
1086 1115 1246 1201 βασιλεία,
1273 1113 1326 1181 ἐὰν

67 1247 126 1326 περί
149 1265 233 1316 τινος
256 1254 315 1307 των
339 1247 582 1330 προρρηθέντων
605 1243 779 1310 Βενετίιιων
802 1241 822 1332 ἧ
847 1253 906 1308 τῶν
930 1241 973 1317 ιὐς
995 1242 1172 1310 Βενετίαων
1188 1261 1324 1328 κρατου-

69 1371 158 1452 μένων
195 1371 363 1454 γενήσεταί
393 1389 439 1440 τις
475 1366 660 1456 ἀμφιβολία.
696 1365 713 1434 δ
744 1369 819 1445 δούξ
846 1369 880 1432 δέ
909 1371 965 1432 καί
994 1371 1028 1431 τύ
1057 1367 1242 1453 πουμούνιον
1271 1373 1327 1453 τῆς

67 1489 208 1564 Βενετίας
233 1491 405 1578 ἐνέχωνται
428 1493 603 1577 λαμβάνειν
627 1489 722 1577 ύρπον
748 1491 808 1557 ἀπδ
834 1503 887 1557 τοῦ
912 1491 1088 1578 μπαῐούλσυ
1103 1489 1124 1578 ἢ
1141 1499 1195 1555 τοῦ
1219 1499 1327 1575 κριτοῦ

67 1613 82 1700 ἢ
109 1626 166 1678 τῶν
196 1625 312 1700 κριτῶν
345 1625 399 1679 του
436 1615 646 1702 ἐλεοσομένοο
674 1615 693 1702 ἢ
724 1613 939 1702 ἐλευσομένων
974 1613 1018 1690 εές
1047 1619 1102 1690 τάς
1134 1617 1241 1702 χώρας
1271 1625 1326 1701 τῆς

67 1741 225 1822 βασιλείας
248 1737 337 1828 ἡμῶν
361 1745 416 1804 καί
439 1743 562 1804 τιθέναι
586 1739 617 1804 ἐν
642 1749 708 1814 ταῖς
734 1735 834 1804 αύτων
861 1737 1062 1818 ἀναθέσεσιν,
1086 1737 1138 1803 ἵνα
1162 1736 1328 1826 ύρείλωσιν

67 1865 160 1942 λέγειν
186 1865 242 1950 τὴν
267 1863 426 1950 ἀλήθειαν
451 1876 489 1951 τη
514 1865 662 1948 βασιλεία
685 1861 773 1951 ἡμῶν
797 1865 853 1926 καί
877 1875 940 1936 τοῖς
964 1857 1040 1947 ὑπὲρ
1064 1859 1153 1948 ἡμῶν
1170 1858 1250 1938 ούσι,
1272 1865 1327 1925 καί

67 1985 106 2050 ύτι
129 1985 180 2051 ἵνα
204 1989 322 2067 λέγωσι
351 1989 405 2074 τήν
434 1986 593 2075 ἀλήθειαν
622 1991 690 2074 περὶ
721 1997 781 2052 τῶν
803 1987 979 2054 Βενετίιιων
1001 1989 1056 2051 οιαὶ
1080 1997 1139 2050 τῶν
1163 1984 1205 2060 ιδς
1228 1985 1327 2051 Βενε-

67 2117 151 2176 τίιιων
174 2117 406 2199 κρατουμένων.
434 2112 479 2177 ἔτι
503 2113 556 2178 διὰ
580 2113 636 2199 τὴν
661 2111 763 2176 αίτίαν
787 2122 843 2198 της
865 2109 1051 2197 ἐλευθερίας
1067 2121 1126 2175 τῶν
1143 2109 1328 2188 Βενετίιιιον,

67 2237 98 2324 ἣν
120 2239 252 2324 ἔχουσιν
277 2237 309 2302 ἐν
339 2249 377 2326 τη
403 2241 491 2324 χώρα
514 2247 570 2323 της
594 2239 760 2322 βασιλείας
783 2233 885 2324 ἡμῶν,
915 2231 951 2300 ού
977 2236 1018 2321 μή
1044 2232 1192 2322 ἐπιθήσει
1215 2233 1235 2322 ἦ
1260 2232 1328 2299 ἐπι-

69 2365 196 2448 τεθῆναι
224 2361 388 2449 ποιήσητ’,
417 2365 639 2449 παραχωρηση
669 2359 855 2448 ἐπιτεθῆναι
886 2365 959 2424 τινὰ.
982 2360 1069 2424 δύσιν
1098 2357 1117 2446 ἢ
1146 2359 1244 2445 βάρος
1273 2363 1329 2422 τινί

67 2485 184 2572 Γραιιιῲ
208 2483 227 2573 ἢ
252 2485 379 2572 Λατίνῳ
403 2485 422 2574 ἢ
448 2485 535 2572 ἀλλιρ
564 2489 621 2550 τινί
649 2489 805 2571 προσώπῳ
834 2483 878 2558 εἵς
907 2507 934 2548 τι
963 2487 1059 2570 μέρος
1082 2481 1103 2571 ἢ
1127 2487 1235 2571 χώραν
1259 2493 1328 2548 τινα

67 2619 113 2694 της
129 2611 297 2694 βασιλείας
312 2607 402 2698 ἡμῶν
419 2615 476 2674 τινὶ
501 2613 603 2696 τρίτῳ
627 2609 647 2697 ἤ
672 2621 814 2698 μηχανῇ,
839 2607 914 2695 ὅπερ
930 2607 982 2672 ἵνα
1006 2607 1038 2696 η,
1062 2611 1148 2673 κατὰ
1165 2615 1220 2694 τῆς
1238 2605 1328 2672 ἐλευ-

66 2737 170 2818 θερίας
195 2745 256 2800 τιὶιν
271 2734 455 2801 Βενετίιιων.
476 2733 522 2799 ἐτι
546 2729 583 2798 ού
607 2735 648 2822 μή
674 2733 832 2821 ἐμποδίση
856 2729 876 2821 ἡ
901 2735 1049 2818 βασιλεία
1072 2729 1161 2822 ἡμῶν
1183 2731 1204 2820 ἢ
1229 2730 1329 2819 ἐμπο·

66 2861 210 2949 δισθῆναι
233 2865 354 2948 ποιὴση
379 2865 464 2933 τινὰς
487 2859 674 2934 Βενετίιιοος
699 2858 890 2948 ἐρχομένους
914 2859 958 2932 εές
982 2861 1037 2947 την
1061 2863 1169 2946 χώραν
1193 2867 1249 2945 τῆς
1270 2861 1330 2943 βα·

68 2986 181 3060 σιλείας
204 2981 303 3074 ἡμῶν,
326 2981 407 3050 ὥστε
432 2987 473 3072 μὴ
498 2985 658 3050 δύνασθαι
684 2979 810 3067 αύτούς,
841 2981 916 3050 ὅταν
940 2985 1160 3071 χρειασθωσιν
1182 2981 1204 3070 ἢ
1227 2983 1330 3072 θέλη-

68 3133 168 3188 σωσιν,
195 3109 357 3198 ἀγοράσαι
380 3109 399 3200 ἢ
425 3110 650 3198 ἀηορασθῆναι
673 3121 803 3198 ποιῆσαι
828 3115 1016 3197 περατιίρια,
1043 3113 1192 3198 τεμωνια,
1210 3115 1330 3196 κατάρ-

68 3257 118 3305 τια,
141 3237 238 3322 ξυλὴν
262 3241 318 3300 καί
342 3233 425 3300 ἀλλα
450 3235 589 3322 χρειώδη
614 3231 689 3320 ύπέρ
714 3245 774 3299 τῶν
798 3235 896 3310 ξύλων
921 3229 1021 3299 αὐτῶν
1046 3235 1080 3298 ἐν
1102 3245 1142 3322 τη
1165 3237 1255 3320 χώρα
1276 3243 1330 3320 τῆς

67 3361 224 3442 βασιλείας
253 3357 351 3448 ἡμῶν.
382 3357 429 3424 ἔτι
455 3357 508 3424 ἵνα
535 3364 655 3447 ποιηση
680 3356 700 3447 ἡ
725 3360 873 3444 βασιλεία
901 3356 989 3447 ἡμῶν
1021 3357 1221 3445 ἀποδοθῆναι
1245 3361 1329 3422 κατὰ

68 3489 112 3548 τὸν
140 3487 234 3551 τύπον
270 3493 326 3571 τῆς
356 3489 509 3571 προτέρας
538 3487 652 3572 τρέβας
683 3496 746 3558 τοίς
773 3483 952 3558 Βενετίτιοις
987 3499 1048 3559 τοῖς
1080 3489 1329 3572 κυορσευθεῑσιν,

68 3608 106 3682 οἷς
129 3607 191 3698 ούχ
214 3609 361 3696 ίαανύθη
384 3615 453 3698 περὶ
477 3619 537 3673 τῶν
561 3612 704 3696 ιιούρσων
727 3615 782 3674 ααί
807 3619 866 3673 τῶν
893 3613 1012 3698 ζημιῶν
1035 3621 1095 3675 τῶν
1112 3611 1233 3684 τούτοις
1250 3607 1328 3674 ἐπα-

68 3737 201 3820 χθεισῶν
229 3737 314 3821 παρὰ
343 3745 402 3798 τῶν
432 3731 606 3820 ἀνθρώπων
636 3745 690 3822 τῆς
720 3735 886 3818 βασιλείας
913 3732 1002 3822 ἡμῶν
1032 3733 1094 3800 ἀπύ
1123 3744 1177 3799 τοῦ
1205 3745 1328 3820 ιιαιρού,

68 3855 98 3921 ού
119 3881 137 3946 η
163 3861 261 3946 τρέβα
282 3857 414 3944 ἤρξατο,
441 3863 534 3946 μέχρι
563 3868 617 3922 τοῦ
641 3867 706 3937 νύν,
731 3863 787 3922 οιαὶ
810 3855 892 3923 τοῦτ’
917 3855 994 3923 αύτό
1017 3861 1153 3944 λέγομεν
1175 3863 1246 3946 περί
1269 3871 1329 3926 τῶν

69 3981 297 4070 ἀφαιρεθέντων
326 3987 529 4070 πομμεριιίων
556 3987 643 4069 παρὰ
675 3994 733 4046 των
765 3981 939 4069 ἀνθρώπων
964 3993 1018 4070 τῆς
1043 3985 1207 4067 βασιλείας
1230 3980 1328 4071 ἡμῶν,

69 4105 143 4192 ὅμως
167 4111 203 4174 δὲ
228 4114 312 4174 αατὰ
336 4111 389 4173 τὸν
414 4105 508 4173 αύτόν
532 4113 644 4195 τρόπον
669 4108 854 4173 ἀποδιδόναι
883 4107 1047 4196 δρείλουσι
1070 4113 1126 4173 καὶ
1150 4109 1179 4174 οἱ
1201 4109 1327 4177 Βενέτι-

68 4255 112 4295 τοι
134 4239 220 4300 κατὰ
244 4237 297 4298 τὸν
321 4235 414 4298 τύπον
440 4241 495 4320 τῆς
520 4235 669 4320 τοιαύτης
692 4237 845 4318 προτέρας
870 4233 984 4319 τρέβας
1006 4235 1083 4318 πρδς
1108 4234 1180 4306 Ιτούς
1204 4233 1330 4320 ἀνθρώ-

68 4377 134 4432 πους
157 4363 213 4422 καί
236 4361 313 4444 πρὸς
336 4361 372 4422 τύ
398 4361 491 4444 μέρος
515 4367 570 4445 της
588 4357 753 4440 βασιλείας
776 4353 880 4443 ἡμῶν,
906 4357 984 4421 εἴτι
1008 4368 1093 4444 ρανη
1115 4354 1163 4422 ὅτι
1187 4356 1329 4444 ἐζημιώ-

69 4483 167 4566 θησαν
202 4487 289 4568 παρά
316 4493 376 4545 τῶν
404 4481 578 4548 Βενετίαων
612 4485 668 4546 καί
694 4485 781 4568 παρὰ
810 4487 864 4545 τοῦ
899 4485 1012 4568 μέρους
1049 4477 1151 4545 αύτων
1184 4479 1245 4545 ἀπὸ
1273 4492 1328 4546 του

69 4615 180 4691 ιαοροῦ,
207 4603 243 4672 ού
266 4605 383 4693 ἤρξατο
404 4603 424 4694 ἡ
449 4607 555 4690 τρέβα,
581 4611 676 4694 μέχρι
699 4615 754 4670 τοῦ
778 4613 841 4669 νῦν.
865 4602 918 4669 ἵνα
942 4602 996 4669 ἐάν
1021 4627 1067 4679 τις
1089 4603 1257 4678 Βενέτιοιος
1275 4628 1328 4670 τε-

70 4729 197 4817 λεοτηση
229 4734 262 4794 έν
286 4742 324 4817 τη
349 4734 441 4816 χώρα
465 4739 521 4816 τῆς
546 4733 710 4814 βασιλείας
739 4727 827 4815 ἡμῶν
857 4727 1058 4816 ἐνδιαθήπως
1082 4729 1102 4816 ἢ
1128 4729 1326 4817 ἀδιαθήκως,

73 4855 100 4916 το
122 4852 202 4919 ἅπαν
225 4857 491 4941 πρᾶγματούτου
520 4853 728 4940 οὶιιονομηται
750 4858 806 4917 ιιαί
830 4853 1014 4942 διεξσίηηται
1040 4857 1126 4940 παρὰ
1150 4863 1205 4918 τοῦ
1229 4865 1327 4940 μιταϊ·Ι
