3148 5268
231 333 277 401 δῦ

229 527 382 602 Βενετίας
415 531 472 594 καί
498 530 534 594 τὰ
563 530 768 616 κουμούνιοκ,
805 525 854 596 ὅτι
881 525 918 596 οὐ
948 529 1008 616 μὴν
1037 527 1161 594 ἔλθωσι
1195 529 1280 592 κατὰ
1308 527 1417 612 χώρας
1448 533 1508 611 τῆς

233 655 398 738 βασιλείας
430 674 505 739 μου,
537 658 593 720 καί
626 649 725 726 οὕτως
749 651 802 716 ἵνα
828 662 1062 738 παραχωροῦσιν
1090 649 1195 725 αὐτοῖς
1220 649 1385 727 ἀπελθεῖν,
1422 648 1508 713 ἔνθα

232 779 411 863 βοῦλονται,
435 776 479 850 είς
502 779 558 864 τὴν
582 778 729 845 δουλείαν
753 773 866 842 αὐτῶν·
891 776 919 844 εί
942 773 969 840 δ’
991 775 1069 850 ἴσως
1091 781 1266 863 περεηρῖνοί
1293 795 1376 847 τινες
1400 775 1509 860 θελή-

233 925 325 970 σουσι
348 903 540 988 διαπερᾶσαι
564 903 644 966 δέκα
668 901 688 989 ἢ
713 900 815 968 εἴκοσι
839 903 892 966 τὸν
917 899 1066 988 ἀριθμὸν,
1091 897 1128 966 οὐ
1152 901 1214 986 μην
1239 899 1357 988 ἀπαιτῇ
1388 897 1421 974 ἐξ
1444 894 1509 964 αὐ-

231 1038 292 1092 τιῦν
316 1023 412 1113 ὅρκον
435 1023 453 1090 ὁ
477 1025 552 1102 δούξ
574 1023 723 1099 Βενετίας
751 1029 807 1090 καί
830 1027 866 1090 τά
890 1027 1089 1112 κουμοιίνιον.

320 1148 390 1216 Ἵνα
415 1149 444 1216 οἱ
466 1147 709 1236 πραγματευταὶ
733 1158 788 1236 τῆς
816 1153 926 1235 χώρας
954 1157 1011 1236 τῆς
1041 1149 1208 1233 βασιλείας
1236 1171 1296 1236 μου
1319 1145 1349 1214 οἱ
1372 1147 1512 1234 μέλλον-

233 1297 284 1350 τες
312 1272 516 1361 ἀπέρχεσθαι
545 1272 590 1346 τίς
616 1271 767 1340 Βενειίαν
801 1282 918 1338 ποιῶσι
943 1277 1001 1346 τὰς
1031 1273 1192 1346 δοκούσας
1227 1267 1333 1344 αὐτοῖς
1358 1291 1512 1357 πραγμα-

233 1403 335 1476 τείας,
360 1403 417 1464 καί
453 1399 565 1464 διδῶσι
593 1399 628 1466 τὰ
652 1402 850 1484 κομμίρκιυν
873 1399 958 1464 κατὰ
986 1397 1041 1482 την
1068 1400 1242 1484 συνήθειαν
1267 1405 1323 1484 τῆς
1346 1393 1511 1470 Βενετίας,

232 1527 288 1588 καί
313 1523 488 1600 δίωνιῦνται
511 1525 550 1588 τὰ
574 1521 732 1586 δοκοῦντα
756 1517 862 1595 αὐτοῖς
887 1519 1135 1607 ἀνεμποδίστως.
1153 1557 1196 1568 -
1211 1515 1281 1586 Ἵνα
1304 1523 1362 1593 τὰς
1387 1521 1512 1606 χώρας,

234 1647 272 1722 ἀς
295 1659 406 1733 κρατεῖ
429 1645 544 1732 ἀρτίως
567 1641 587 1733 ἡ
610 1643 763 1722 Βενετία,
795 1644 1026 1732 τηνΚορῦνην
1061 1643 1117 1708 καὶ
1152 1646 1207 1728 τὴν
1231 1641 1407 1730 Μεθώνην,
1443 1641 1512 1727 ἔχη

232 1772 341 1846 πάλιν,
374 1771 488 1844 καθως
513 1769 583 1856 ἔχει
611 1764 719 1843 αὐτάς.
745 1807 787 1816 -
810 1765 880 1836 Ἵνα
901 1767 964 1856 ἔχη
996 1770 1052 1856 τὴν
1073 1777 1170 1855 νῆσον
1193 1767 1333 1855 Κρήτην,
1357 1772 1412 1832 καί
1437 1763 1514 1830 ὅσοι

234 1893 400 1980 ἄνθρωποι
423 1902 479 1980 τῆς
512 1895 678 1978 βασιλείας
710 1915 771 1978 μου
802 1889 1003 1978 εὑρίσκονται
1026 1890 1149 1970 ἐκεῖσε,
1179 1890 1232 1957 ἵνα
1260 1890 1364 1978 ίπάρη
1394 1886 1515 1961 αὐτοῦς

233 2016 431 2106 ἠβασιλεία
456 2040 531 2102 μου,
567 2021 623 2082 καί
647 2013 683 2082 οὐ
709 2018 768 2104 μην
796 2019 1033 2104 μεταχειρισθη
1069 2019 1185 2103 ταύτην
1207 2014 1228 2104 ἡ
1254 2017 1402 2101 βασιλεία
1437 2036 1514 2101 μου.

236 2146 276 2208 τὰ
300 2146 394 2230 νησία
418 2149 473 2207 τοῦ
497 2141 633 2222 Αἰγαίου
655 2142 836 2222 πελάγους,
854 2137 917 2209 ὅσα
941 2139 1027 2227 εἶχεν
1051 2141 1097 2214 είς
1121 2140 1245 2206 εἴσοδον
1270 2138 1287 2206 ὁ
1311 2141 1387 2216 δοῦί
1408 2137 1516 2206 Βενε-

234 2271 315 2344 τίας,
340 2262 393 2328 ἵνα
423 2266 518 2330 πάλιν
548 2265 612 2353 ἔχη
642 2274 751 2331 ταῦτα·
785 2263 849 2332 ὅσα
872 2265 907 2330 δὲ
931 2262 1015 2354 ἦσαν
1038 2261 1098 2330 ὐπὸ
1122 2265 1177 2352 τήν
1200 2265 1367 2349 βασιλείαν
1395 2268 1452 2328 καί
1477 2265 1516 2328 τὰ

235 2393 455 2476 πριηκιπσίτον,
480 2386 531 2454 ὅτε
556 2389 586 2454 οἱ
609 2389 740 2456 Λατῖνοι
763 2387 846 2478 ἦσαν
868 2389 1032 2476 ἐγκρατεῖς
1053 2399 1109 2477 τῆς
1133 2389 1516 2466 Κωνσταντινουπίλεως,

235 2513 288 2580 ἵνα
313 2515 395 2581 Θεοῦ
420 2509 628 2586 εὐδοκοῦντος
652 2519 802 2594 γίνωνται
827 2511 886 2580 ὐπὸ
909 2515 964 2600 τὴν
990 2515 1156 2598 βασιλείαν
1180 2537 1240 2602 μου
1262 2519 1317 2578 καὶ
1337 2515 1409 2586 τούς
1425 2514 1516 2600 κλη-

236 2642 390 2725 ρονόμους
416 2643 473 2703 καί
505 2639 679 2724 διαδόχους
711 2637 810 2725 αὐτῆς
840 2643 895 2702 καί
927 2640 982 2724 τὴν
1010 2636 1197 2726 Ῥωμανίαν.
1231 2637 1274 2710 είς
1299 2640 1352 2703 τάν
1374 2633 1517 2722 Εὔριπον

236 2760 288 2828 ἵνα
312 2761 444 2848 ἔχωσιν,
470 2760 500 2858 εί
521 2783 550 2826 τι
574 2760 687 2848 ἔχουσι
712 2763 859 2848 σήμερον.

325 2882 394 2973 Ἵνα
429 2885 528 2952 δώσει
562 2881 669 2958 αὐτοῖς
692 2881 712 2971 ἡ
738 2885 886 2968 βασιλεία
920 2906 982 2969 μου
1009 2883 1054 2958 εὶς
1078 2887 1131 2950 τάν
1154 2885 1312 2972 Ἃλμυρδν
1348 2887 1442 2950 τόπον
1467 2885 1519 2957 είς

236 3013 402 3097 κάθισμα,
427 3013 485 3074 καί
497 3012 675 3096 ποιήσωσιν
692 3008 724 3076 ἐν
749 3005 834 3096 αὐτῷ
857 3007 1060 3082 ἀναπαῦσεις.
1086 3009 1152 3074 ἐπεί
1174 3010 1209 3074 δὲ
1235 3010 1306 3096 ἔχει
1321 3006 1342 3096 ἡ
1360 3009 1517 3093 βασιλεία

237 3156 298 3223 μου
322 3137 431 3222 μάχην
454 3137 533 3220 μετὰ
550 3143 605 3199 τοῦ
629 3130 778 3219 Εὐρίπου,
801 3137 857 3199 καί
877 3129 1079 3220 εὑρίσκονται
1104 3135 1137 3198 ἐν
1155 3131 1240 3221 αὐτῷ
1261 3133 1433 3212 Βενέτικοι,
1456 3131 1516 3197 ἵνα

237 3258 301 3346 ίχη
329 3255 349 3349 ἡ
379 3259 527 3343 βασιλεία
555 3279 615 3344 μου
649 3263 977 3348 κατακεκρατημίνην
1012 3259 1068 3345 την
1097 3260 1223 3324 σκαλαν
1257 3266 1312 3323 τοῦ
1340 3256 1516 3344 Ἃλμυροῦ,

237 3379 321 3456 ὅπως
345 3383 388 3468 μὴ
413 3382 584 3468 ίπαίρωσιν
608 3378 670 3451 ἀπὸ
694 3392 750 3470 τῆς
773 3384 921 3472 τοιαύτης
945 3383 1070 3456 σκάλας
1094 3383 1238 3469 βριῦσιμα
1261 3386 1317 3447 καί
1340 3385 1459 3467 πύσιμα
1485 3381 1517 3445 οἱ

238 3503 275 3572 ἐν’
295 3505 339 3593 τῷ
361 3503 488 3592 Εὐρίπῳ
511 3504 688 3584 Βενίτικοι,
716 3504 773 3570 καὶ
802 3503 1022 3592 ἀποκομίίωσι
1051 3514 1150 3573 ταῦτα
1178 3506 1223 3578 εἰς
1251 3509 1427 3592 ίωιίρκειαν
1451 3515 1517 3570 τῶν

238 3629 271 3696 ἐν
295 3629 338 3716 τῷ
365 3625 491 3716 Εὐρίπῳ
526 3627 653 3716 ίχθρῦν
677 3638 733 3718 τῆς
758 3631 923 3714 βασιλείας
947 3653 1008 3716 μου
1037 3632 1198 3706 Λατίνων,
1234 3635 1347 3717 μέχρις
1375 3627 1413 3694 ἀν
1441 3631 1517 3716 διρη

237 3757 331 3831 θεὸς,
360 3759 417 3819 καί
447 3759 577 3841 γίνηται
606 3752 764 3841 ἐγκρατὴς
787 3751 806 3842 ἡ
833 3755 980 3838 βασιλεία
1010 3777 1072 3841 μου
1095 3763 1151 3820 τοῦ
1179 3752 1331 3842 Εὐρίπου,
1360 3759 1415 3820 καί
1439 3757 1516 3820 τότε

236 3877 290 3944 ἵνα
314 3876 461 3964 ἀπολῦση
484 3874 505 3966 ἡ
531 3877 679 3961 βασιλεία
704 3901 764 3964 μου
787 3883 844 3942 καί
867 3879 923 3964 τήν
947 3881 1094 3965 τοιαύτην
1119 3881 1243 3944 σκαλαν
1264 3881 1340 3966 πρὸς
1361 3882 1396 3944 τὰ
1414 3883 1517 3964 μίρος

237 4014 294 4092 τῆς
314 4001 474 4076 Βενετίας.
505 3998 557 4066 ὅτε
586 4001 621 4066 δὲ
647 4003 756 4088 μίλλει
785 4003 933 4089 πολεμεῖν
956 3999 976 4089 ἡ
1002 4003 1150 4086 βασιλεία
1178 4025 1238 4088 μου
1267 4007 1347 4090 μετὰ
1375 4007 1430 4066 καί
1453 4012 1517 4089 τῆς

238 4137 295 4194 τοῦ
318 4131 400 4193 θεοῦ
424 4127 582 4214 βοηθείας
605 4138 669 4200 τοῦς
694 4125 739 4200 εἰς
763 4128 815 4191 τὰν
839 4124 975 4213 Εὐριπον
1000 4124 1158 4200 Λατίνοις,
1185 4124 1221 4194 οὐ
1245 4128 1308 4214 μην
1335 4125 1516 4214 ἀποστείλη

239 4249 259 4341 ἡ
284 4251 416 4319 Βενετία
440 4253 625 4338 συμμαχίαν
649 4248 670 4337 ἢ
694 4258 804 4338 χρῆμα
827 4249 872 4324 είς
896 4251 1054 4337 βοήθειαν
1077 4247 1193 4328 αὐτῶν,
1230 4249 1314 4318 ἀλλὰ
1345 4257 1401 4317 καί
1424 4250 1454 4317 σί
1480 4251 1516 4317 ἐν

239 4378 284 4463 τῷ
316 4372 459 4461 Εὐρίπῳ,
479 4371 696 4461 εὑρισκόμενοι
731 4371 908 4452 Βενετικοι,
937 4373 965 4438 εί
992 4378 1048 4460 μίν
1079 4373 1324 4461 ἀποσχισθῦσιν
1360 4375 1422 4441 ἀπὸ
1457 4387 1516 4442 τοῦ

241 4503 358 4586 μίρους
381 4507 442 4564 των
467 4497 570 4562 ἐκεῖσε
595 4496 750 4576 Λατίνων,
775 4503 831 4564 καί
853 4505 1003 4564 πεσοῦσιν
1026 4497 1150 4576 ίδικῦς,
1175 4505 1231 4564 καί
1258 4497 1331 4565 οὐτε
1359 4511 1422 4573 τοῖς
1438 4501 1515 4567 Λα-

240 4629 337 4698 τίνοις
361 4629 599 4710 συμμαχοῦσιν,
635 4619 708 4690 οὐτε
732 4633 771 4708 τη
795 4623 944 4706 βασιλεία
968 4645 1029 4708 μου
1053 4621 1279 4701 ἀντιδικοῦσιν,
1310 4621 1363 4690 ἵνα
1387 4627 1513 4716 φυλάσ-

242 4767 359 4840 σωνται
380 4751 437 4817 καί
462 4743 552 4811 αὐτοί
575 4749 632 4810 καί
654 4749 689 4811 τὸ
712 4756 846 4836 πρᾶγμα
870 4742 972 4812 αὐτῦν
994 4750 1080 4834 παρὰ
1105 4755 1159 4812 τοῦ
1188 4752 1303 4835 μέρους
1331 4757 1387 4837 τῆς
1415 4749 1513 4834 βασι-
