3182 5264
1326 333 1347 398 3

85 529 165 604 σθαι,
188 531 246 594 καί
270 525 350 607 εἴγε
367 525 502 594 ἀπὸτοῦ
526 523 679 615 όμετίρου
702 529 889 614 γράμματος
914 525 1079 616 ἀφειμένον
1102 522 1141 614 ῆν
1157 523 1201 613 τῷ
1215 527 1347 612 τοιοότιρ

83 651 185 738 Τάντῳ
208 655 265 716 καί
286 656 357 738 αερί
381 661 440 716 τῶν
465 656 664 739 ζητουμένων
687 649 759 738 παρ’
784 647 869 738 όμιῖν
892 661 931 738 τῇ
956 652 1107 736 βασιλεία
1131 673 1192 737 μου
1216 649 1346 732 ἀνενεγ-

83 787 143 840 κεῖν
175 780 232 840 καὶ
265 780 366 862 πόροις
399 785 463 846 τοῖς
495 777 843 863 συμφωνηθησομίνυις
878 773 1034 841 ἐπιθεῖναι
1067 778 1124 840 καί
1155 771 1228 860 παρ’
1264 770 1349 862 ἀμῶν

83 902 359 988 οτερχθησόμενον
387 898 461 986 τάχ’
484 896 522 964 ἂν
545 905 601 964 καί
636 898 773 986 ἐντυχεῖν
799 895 879 988 αὐτῇ
914 905 1039 978 τοῦτον,
1063 898 1083 986 ἡ
1108 900 1257 984 βασιλεία
1288 921 1349 986 μου

83 1025 256 1110 κατηξίωσε
292 1028 349 1088 καί
382 1029 453 1110 περί
486 1035 547 1088 τῶν
581 1025 728 1112 θελητιῖν
760 1020 829 1110 ὑμῖν
854 1022 1032 1104 ἀνενεγκεῖν
1058 1019 1150 1112 αότη.
1175 1021 1223 1089 ότι
1246 1024 1282 1088 δί
1307 1025 1350 1110 μη

83 1157 171 1212 τοῦτο
195 1147 402 1236 ἐνδεδυμένον
426 1149 516 1236 ἔχειν
540 1145 635 1213 αὐτόν
659 1147 721 1213 ἀπό
745 1157 800 1234 τῆς
823 1151 901 1236 πρὸς
924 1149 979 1236 την
1001 1151 1167 1234 βασιλείαν
1189 1171 1250 1236 μου
1270 1145 1349 1235 όμε-

85 1277 173 1358 τέρας
198 1283 322 1361 γραφῆς
345 1285 542 1350 κατενοεῖτο,
574 1273 629 1337 διὰ
652 1281 745 1338 τοῦτο
770 1267 843 1338 οὐδὲ
869 1271 913 1346 εἰς
936 1275 1051 1354 λόγους
1073 1277 1143 1360 περὶ
1166 1283 1352 1362 συμφωνιῶν

84 1395 188 1462 ἐλθεῖν
211 1399 311 1482 τούτῳ
335 1397 391 1484 την
408 1393 508 1484 αόλην
532 1405 589 1484 της
614 1398 781 1480 βασιλείας
805 1419 865 1484 μου
881 1393 901 1484 ἡ
919 1399 1067 1482 βασιλειά
1092 1419 1153 1484 μου
1168 1401 1351 1476 κατένευσε,

83 1525 137 1584 καί
161 1519 262 1595 ἔξεστι
290 1530 329 1607 τη
357 1515 494 1606 όμττὲρη
520 1523 671 1608 φρονήσει
706 1489 964 1607 ἀτόκρισιαρίους
997 1523 1075 1606 πρός
1109 1523 1164 1610 την
1189 1521 1353 1606 βασιλείαν

84 1667 143 1730 μου
166 1645 297 1721 στεῖλαι,
321 1647 357 1708 τό
381 1643 554 1730 ἐνδόναμον
578 1656 642 1718 τοῖς
662 1647 1011 1733 σομφωνηθησομόνοις
1035 1646 1151 1732 μεταξὺ
1175 1653 1230 1731 τῆς
1254 1641 1354 1732 αόλης

83 1779 138 1854 τῆς
163 1769 329 1852 βασιλιίας
365 1789 425 1854 μου
451 1771 508 1832 καί
534 1763 637 1832 αὐτῶν
671 1779 849 1856 παρασχεῖν
884 1769 1095 1856 δυναμένουςχ
1125 1768 1168 1846 ός
1191 1774 1247 1834 καί
1269 1774 1354 1857 ταρά

84 1903 140 1980 της
176 1889 329 1978 ὑμετέρας
362 1894 546 1980 φρονήσεως
581 1895 877 1980 στερχθησομένοις
911 1892 968 1958 καὶ
995 1889 1076 1958 οότω
1101 1897 1156 1960 καί
1180 1895 1235 1981 την
1260 1897 1354 1978 βασι-

84 2017 174 2080 λείαν
198 2037 258 2102 μου
289 2010 387 2100 εόρεῖν
418 2017 657 2080 κατανεύουσαν
689 2014 735 2088 εὶς
767 2014 921 2103 ἀκρόασιν
946 2027 1005 2082 τῶν
1029 2015 1103 2104 παρ’
1128 2015 1229 2082 αότιῖν
1254 2016 1356 2098 ἀνατ-

85 2141 333 2226 ηελθησομίνων
358 2135 454 2226 αὐτῇ,
479 2135 532 2206 ότε
554 2145 678 2214 τάντως
703 2144 760 2204 καί
781 2139 801 2228 ἡ
825 2145 896 2226 ιτερί
919 2149 973 2206 τοῦ
998 2145 1236 2231 φρονιμωτάτου
1265 2139 1355 2208 Βαλ·

84 2265 212 2328 δοοίνου
235 2261 371 2348 Γέρτζου
403 2261 531 2338 ἀξίωσις
562 2260 647 2350 όμων
675 2267 784 2350 χώραν
808 2261 873 2340 δίει
897 2263 942 2338 είς
965 2267 1000 2329 τό
1024 2269 1249 2353 τερατιυθηναι
1271 2269 1357 2351 ταρά

84 2399 141 2474 της
163 2389 328 2470 βασιλείας
345 2410 405 2472 μου
427 2386 618 2460 ἀκολούθως
641 2387 685 2473 τῴ
700 2392 770 2473 ιτερί
787 2397 842 2476 τῆς
862 2397 917 2454 τοῦ
936 2392 1053 2464 παντός
1072 2390 1287 2478 πληρώματος
1302 2397 1358 2477 τῆς

84 2510 227 2585 Γενοόας
243 2516 426 2600 συμφωνίας
443 2511 663 2600 συμτιράματι
687 2517 715 2592 †.
742 2517 762 2593 †
785 2510 901 2600 Μηνὶ
923 2511 1166 2600 όκτωβρίερ
1188 2513 1269 2578 ίνδ.
1295 2514 1312 2578 ι’
1328 2519 1358 2595 †.

176 2635 497 2715 ῒΒασιλικόν
543 2635 609 2709 εἰς
656 2639 730 2700 τόν
777 2639 1099 2702 συνετώτατον
1146 2638 1358 2714 ἀξουσια·

85 2763 197 2847 στήν
227 2771 304 2828 τοῦ
335 2767 543 2848 κάστρου
578 2761 781 2835 Γενοόας
809 2759 1113 2828 Μανττόλδον
1143 2768 1220 2830 καί
1252 2764 1359 2838 τεός

85 2891 475 2974 φρονιμωτάτους
513 2890 890 2968 κουνσοόλουςῒ.

178 3037 256 3108 Ονίρ.
273 3038 376 3092 charta
392 3037 568 3110 όοτιεόροὶκαι
586 3037 726 3092 tabularii
744 3035 939 3094 Τααιάαεοεόε.
996 3073 1000 3081 ·

345 3311 398 3380 111.
415 3312 667 3396 6700-(1192)
683 3331 790 3381 mense
805 3313 962 3381 februario
979 3313 1045 3381 ind.
1061 3313 1100 3382 X.

86 3481 253 3552 Ιιιιρινοτοε·
278 3479 412 3537 launoius
435 3480 565 3560 Δαρείου
589 3483 737 3556 confimat
753 3482 876 3554 foedera
899 3481 936 3536 αδ
957 3479 1055 3536 Δία-ἐῖτ
1075 3491 1102 3536 τε
1121 3477 1258 3538 Manuale
1279 3477 1362 3536 θυνο-

412 3611 493 3662 κσαίε
514 3624 576 3662 eum
594 3607 742 3679 republica
757 3605 935 3664 Ρίεατιοκιιιο
945 3609 1041 3680 saeta.

177 3757 457 3845 ῒΠερικίκοτται
488 3762 545 3843 μὲν
575 3756 639 3846 ἤδη
670 3757 778 3835 όξότου
801 3755 818 3824 ό
842 3759 991 3844 τύραννος
1015 3756 1135 3834 ἐκεῖνος
1158 3756 1362 3844 Ἀνδρόνικος

85 3895 124 3971 τῇ
162 3893 224 3948 τιῖεν
258 3881 422 3969 Ῥωμαίων
457 3879 545 3969 ἀρχῇ
580 3879 819 3971 λιι[εισέφ]ρησε
856 3885 910 3948 καί
946 3887 1040 3970 μέχρι
1074 3890 1129 3947 τοῦ
1158 3889 1211 3948 νόν
1237 3877 1258 3968 ἡ
1285 3883 1363 3967 αρός

83 4011 141 4094 την
166 4005 248 4072 καθ’
271 4003 358 4094 ἡμᾶς
387 4015 447 4070 τῶν
474 4003 638 4092 Ῥωμαίων
663 4006 827 4090 βασιλείαν
856 4005 987 4090 ιτίστ[ις]
1011 4009 1068 4070 καί
1090 4001 1197 4072 εὔνοια
1220 4013 1275 4070 τοῖ
1299 4007 1362 4068 κά-

83 4154 187 4219 στροο
210 4135 267 4196 καί
291 4140 346 4217 τῆς
370 4133 479 4217 χώρας
494 4139 550 4217 της
566 4127 705 4218 Πίσσης,
729 4133 784 4194 καί
809 4127 836 4194 εὶ
860 4133 904 4218 μή
929 4149 965 4210 γε
990 4131 1025 4194 τό
1050 4127 1187 4204 ἀτιεικὲς
1210 4131 1267 4194 καί
1289 4125 1362 4193 ἱλα·

81 4258 138 4340 ρόν
177 4265 236 4344 τῆς
272 4255 438 4338 βασιλείας
473 4275 532 4340 μου
556 4257 611 4318 καί
646 4256 680 4318 τό
704 4255 783 4338 πρός
818 4264 1043 4339 χριστιανικιῖν
1078 4251 1219 4341 αἱμάτων
1254 4253 1364 4340 χόστις

80 4381 191 4468 βραδυ
226 4385 284 4446 καί
320 4377 508 4466 ἀπρόθυμον
543 4377 681 4458 ἔγγυθεν
705 4373 763 4442 ότιό
787 4380 867 4442 θεοῦ
904 4378 1140 4464 [κατασταθὲν]
1174 4377 1231 4444 καὶ
1259 4377 1304 4452 τίς
1326 4380 1363 4443 τό

78 4517 138 4594 τῆς
180 4507 348 4592 βασιλείας
383 4503 536 4590 [ἀξίωμα]
572 4501 738 4590 ἀνυψωθλν
773 4499 919 4588 ἐμποδὼν
952 4502 1093 4584 ἐγεγόνει
1120 4505 1165 4592 τῷ
1190 4507 1364 4591 πράγματα,

79 4628 159 4718 τάχ’
187 4629 226 4696 ἀν
250 4635 308 4695 καί
331 4629 376 4702 είς
399 4625 539 4715 ἐχθροὺς
574 4627 603 4692 οἱ
637 4629 720 4713 χθὲς
749 4637 788 4714 τῇ
810 4623 971 4714 Ῥωμανίη
1001 4623 1234 4712 εόνοόο[τατυι]
1267 4629 1364 4708 γεγό-

81 4777 173 4836 νασι,
208 4758 266 4822 καί
291 4753 360 4820 ἀντὶ
394 4755 492 4843 φίλων
515 4754 571 4817 καί
595 4761 742 4839 χορηγῶν
769 4761 830 4816 τῶν
853 4756 1018 4839 χρησίμων
1040 4758 1097 4820 καί
1121 4757 1206 4818 κατὰ
1233 4749 1364 4837 καιροός

1115 4867 1128 4915 1
1149 4859 1167 4898 t
