3148 5268
268 395 332 464 118

264 591 310 676 τῷ
347 585 478 678 ῥηθέντι
512 589 653 680 ἐπιφανεῖ
686 591 773 678 κυρῷ
806 591 899 658 δυυκί
925 595 981 658 καί
1009 591 1051 680 τῷ
1078 597 1237 680 κυμοονίιμ
1261 601 1316 679 της
1338 588 1540 676 Βενετίαςῆ

267 717 303 780 τύ
328 713 484 781 ἀνάπαλιν
501 717 710 801 συμβιβασεις
730 720 811 789 τινές
834 715 854 804 ἢ
879 721 1052 804 γράμματα
1076 715 1095 806 ἢ
1120 720 1281 804 συνθηκαι
1303 715 1324 804 ἤ
1349 719 1541 804 συμφωνίαι,

267 835 311 902 ὧν
345 851 384 927 τη
419 839 550 926 δυνάμει
582 838 747 906 Βενέτικοί
780 859 862 914 τινες
896 836 1098 927 ὑποκείμεναι
1132 839 1174 927 τῷ
1203 842 1415 930 διαληφθέντι
1448 839 1542 924 κυριμ

267 963 359 1028 δυυκί
385 961 405 1050 ἢ
434 962 476 1049 τῷ
509 968 668 1050 κομοονίιμ
691 975 747 1052 τῆς
769 964 920 1039 Βενετίας
955 963 1135 1055 ὀφείλοντες
1166 970 1223 1032 καί
1250 964 1436 1052 ένεχύμενοι
1458 962 1543 1030 Ῥω-

268 1091 375 1174 μαίοις
398 1091 460 1152 τισὶ
481 1099 602 1162 πιστοῖς
625 1092 682 1152 καί
706 1083 925 1175 ὑποκειμένοις
948 1099 1012 1164 τοὶς
1036 1086 1181 1178 ῥηθεῖσιν
1205 1084 1375 1164 αόθένταις
1398 1093 1457 1154 καί
1482 1091 1543 1172 βα-

268 1212 406 1277 σιλεῦσιν
429 1209 593 1300 ὀφείλουσι
616 1217 655 1278 τὰ
679 1221 811 1280 τοιαῦτα
833 1210 915 1290 ὅλως
943 1213 1202 1304 εἶναι-ἀφειμένα
1230 1219 1286 1281 καί
1314 1215 1542 1302 ἀπηλειμμένα

268 1342 325 1403 καί
350 1336 470 1424 ἄκυρα,
505 1336 590 1402 ἀλλὰ
613 1338 735 1425 μαλλον
770 1337 1004 1428 ἐμφανέστερον
1028 1363 1062 1406 τε
1089 1345 1146 1406 καί
1175 1343 1397 1428 καθαρύτερον
1421 1339 1541 1406 ἐννοεῖν

268 1465 331 1551 χρη
355 1464 410 1529 διὰ
432 1473 488 1550 τ’·ης
511 1465 674 1551 παρούσης
699 1469 894 1552 συμφωνίας,
926 1462 969 1539 ὣς
993 1463 1022 1532 οἱ
1046 1473 1182 1530 τοιοῦτοι
1208 1465 1385 1544 Βενύτικοι,
1414 1463 1542 1530 ὀποτοι·

268 1584 378 1676 δήποτ’
413 1585 451 1652 ἂν
486 1587 560 1666 εἶεν,
594 1592 699 1654 πιστοί
721 1592 778 1652 καί
807 1584 1008 1675 ύποκείμενυι
1032 1589 1076 1676 τῷ
1101 1589 1313 1680 διαληφθέντι
1337 1587 1423 1676 κορηῖ
1446 1589 1543 1654 δουκὶ

267 1715 324 1778 καί
347 1711 391 1798 τῷ
412 1717 572 1800 κομουνίιμ
596 1721 652 1798 της
673 1712 823 1788 Βενετίας
850 1713 1012 1778 δύνασθαι
1039 1713 1192 1800 μέλλουσι
1218 1717 1274 1778 καὶ
1300 1711 1423 1800 ὀσχύειν
1455 1723 1540 1801 χρη-

269 1839 349 1902 σθαι
382 1846 447 1909 τοίς
481 1833 600 1901 ἑαυτῶν
635 1835 773 1910 δικαίοις
807 1833 885 1904 καθ’
925 1835 1116 1924 οἱανδήποτε
1150 1835 1312 1924 Ῥωμαίων
1347 1835 1541 1927 ὀφειλόντων

267 1957 384 2040 αότοίς,
409 1957 456 2033 οἷς
479 1961 519 2046 δη
542 1959 724 2034 Βενετίκοις
746 1959 804 2026 καὶ
827 1959 953 2046 έκάστιρ
977 1957 1080 2026 αότων
1103 1959 1134 2025 οἱ
1156 1970 1296 2026 τοιούτου
1321 1962 1542 2049 γαληνύτατυι

268 2081 422 2150 αόθένται
444 2087 501 2150 καὶ
524 2085 664 2170 βασιλεῖς
687 2089 743 2150 καὶ
766 2083 917 2171 ἑκάτερος
943 2079 1045 2149 αότιῐιν
1066 2095 1181 2150 ποιῶσι
1203 2088 1260 2149 καί
1290 2087 1441 2165 γίνεσθαι
1469 2088 1542 2150 δια-

266 2210 459 2276 κελτύωνται
482 2207 651 2296 ἐλεύθερον
674 2211 800 2276 δίκαιον
824 2205 857 2285 ἐξ
879 2206 1068 2296 ὁλοκλήρου,
1092 2210 1207 2284 καθύς
1232 2207 1366 2296 ὤφειλον
1386 2213 1541 2297 πρότερον

267 2340 324 2401 καί
347 2333 395 2401 ἔτι
418 2332 590 2422 ένίχονται.
616 2332 766 2410 ὡσαύτως
791 2332 899 2398 καλοί
923 2342 1059 2400 τοιούτοι
1073 2331 1234 2420 Ῥωμαῖοι,
1258 2329 1476 2422 δποιοιδηποτ’
1503 2333 1542 2399 ἂν

268 2458 346 2538 τίεν,
373 2463 477 2524 πιστοί
504 2464 562 2526 καί
589 2453 791 2546 ύποκείμενυι
819 2469 883 2533 τοῖς
907 2459 1061 2532 τοιούτοις
1094 2453 1266 2532 αόθένταις
1289 2455 1347 2522 καὶ
1369 2459 1541 2543 βασιλεῦσι

267 2583 428 2649 δύνασθαι
456 2584 609 2670 μέλλουσι
642 2587 698 2647 καί
724 2581 847 2670 ἰσχύειν
875 2585 1020 2670 χρῆσθαι
1054 2591 1119 2656 τοῖς
1147 2579 1266 2647 έαυτιῑιν
1294 2581 1433 2658 δικαίοις
1458 2579 1540 2650 καθ’

269 2706 460 2796 οἱανδήποτε
483 2707 660 2774 Βενετίκων
688 2705 876 2795 ὀφειλόντων
904 2703 1023 2784 αότοῑς,
1052 2704 1099 2780 οίς
1122 2706 1161 2793 δὴ
1185 2703 1354 2792 Ῥωμαίοις
1377 2703 1396 2771 ὅ
1419 2729 1455 2772 τε
1480 2703 1540 2795 ῥη.

268 2830 338 2908 θεὶς
361 2841 420 2919 κύρ
442 2833 517 2908 δούς
539 2835 596 2897 καί
620 2829 650 2896 οἱ
673 2831 844 2918 μταίυύλοι
871 2825 969 2896 αότού
999 2835 1055 2896 καί
1077 2827 1182 2916 έτεροι
1205 2831 1316 2918 ένοχοι
1337 2835 1395 2896 καί
1418 2829 1541 2919 ἀρχον-

268 2978 318 3031 τες
349 2954 379 3020 οί
404 2953 478 3042 παρ’
508 2951 605 3021 αότού
632 2959 767 3020 καὶτοῦ
790 2960 962 3042 κομουνίου
985 2963 1041 3042 της
1064 2953 1214 3026 Βενετίας
1244 2963 1411 3042 πανταχοῦ
1440 2959 1542 3021 καθι-

269 3083 419 3168 στάμενοι
447 3081 620 3167 ἐλεύθερον
648 3091 762 3146 ποιῶσι
788 3083 846 3145 καί
873 3078 1021 3160 γίνεσθαι
1054 3081 1215 3165 πράττωσι
1249 3078 1374 3144 δίκαιον
1404 3077 1437 3155 ἐξ
1460 3078 1540 3146 ὀλο-

267 3207 400 3292 κληρου,
423 3207 539 3279 καθεδς
562 3202 697 3293 ὤφειλον
720 3207 871 3290 πρότερον
894 3207 951 3268 καί
975 3203 1022 3267 ἔτι
1046 3201 1222 3289 ἐνέχονται,
1251 3205 1437 3288 σωζομένων
1462 3209 1541 3290 μέν·

268 3349 354 3410 τοιγε
380 3333 515 3396 πάντοτε
543 3333 600 3394 καί
633 3332 939 3416 παρατετηρημένων
974 3330 1059 3394 κατὰ
1082 3329 1117 3390 τύ
1142 3323 1294 3412 ἀκέραιον
1329 3329 1373 3414 τῷ
1405 3332 1540 3414 τοιούτῳ

267 3455 354 3542 κυρῷ
374 3456 465 3520 δουκί
488 3457 545 3520 καί
567 3453 611 3541 τῷ
631 3459 791 3542 κομοονίῳ
826 3461 882 3539 τῆς
910 3451 1059 3524 Βενετίας
1093 3453 1217 3517 πάντων
1246 3463 1305 3517 τῶν
1339 3453 1474 3519 δικαίων
1509 3477 1541 3518 τε

269 3585 403 3669 καὶτῆς
428 3579 570 3668 ἀγωγῆς,
601 3579 680 3668 ἅπερ
708 3579 796 3667 ἔχειν
827 3575 865 3644 ἀν
892 3578 993 3654 δόξειέ
1017 3601 1050 3642 τε
1073 3582 1130 3643 καὶ
1152 3577 1280 3644 δύναιτο
1303 3575 1322 3644 ὀ
1346 3575 1442 3653 αότύς
1467 3579 1539 3646 έπι-

270 3707 370 3796 φανης
397 3713 458 3792 κύρ
485 3705 560 3782 δούξ
587 3709 643 3770 καί
670 3707 705 3770 τύ
733 3705 903 3790 κομούνιον
930 3701 1080 3775 Βενετίας
1110 3699 1235 3767 ὀναντία
1265 3713 1329 3777 τοῖς
1357 3704 1541 3792 γαληνοτσί-

270 3853 335 3904 τοις
365 3827 536 3904 αόθένταις
563 3827 621 3894 καὶ
648 3828 814 3913 βασιλεῦσι
841 3831 898 3892 καί
925 3824 1066 3912 ἑκατέρῳ
1089 3823 1109 3913 ἢ
1132 3829 1261 3913 θατέρῳ
1293 3825 1394 3894 αότιίν
1417 3834 1476 3894 καί
1501 3842 1539 3916 τῇ

269 3954 417 4041 βασιλεία
441 3950 542 4021 αότιυν
567 3953 599 4020 έν
623 3953 667 4019 ένὶ
696 3955 859 4040 γράμματι
885 3953 1049 4018 δουκύτων
1077 3964 1201 4039 χρυσῶν
1230 3957 1401 4040 τριάκοντα
1428 3957 1538 4043 χιλιά-

268 4081 330 4145 δων
358 4080 536 4168 κεφαλαίου
564 4100 598 4142 τε
625 4082 682 4144 καί
715 4077 894 4163 καταδίκης
928 4079 984 4140 καὶ
1011 4087 1070 4141 τῶν
1099 4072 1215 4152 έξύδων
1242 4075 1299 4142 καὶ
1322 4075 1354 4141 ἐν
1377 4089 1458 4144 πᾶσι
1482 4085 1539 4145 καί

268 4203 415 4277 έκοίστυις
439 4213 502 4278 τοῖς
526 4201 559 4278 δε
583 4197 685 4267 αότων
720 4199 976 4288 ἀπηαρημένυις,
1005 4198 1022 4264 δ
1051 4201 1091 4287 δη
1120 4204 1253 4287 γράμμα
1288 4206 1344 4266 καί
1372 4207 1469 4291 χρέος
1496 4207 1538 4291 μή

269 4331 408 4394 νοείσθω
431 4330 486 4394 διὰ
512 4337 568 4414 της
594 4328 758 4414 παρούσης
793 4329 974 4414 συμφωνίας
1002 4321 1022 4411 ἢ
1051 4326 1163 4411 τρέβας
1199 4323 1370 4414 ἀφειμένον
1404 4324 1489 4404 ὀλως
1517 4327 1537 4416 ἦ

270 4451 504 4539 ἀπηλειμμένον
531 4451 552 4540 ἢ
581 4449 714 4537 ἄκυρον,
750 4448 835 4515 ἀλλὰ
870 4451 993 4536 μᾶλλον
1022 4446 1054 4513 έν
1082 4459 1146 4523 τοῖς
1175 4446 1281 4524 αότοῐς
1309 4462 1348 4539 ιη
1376 4474 1411 4517 τε
1434 4475 1539 4520 κατα-

270 4581 395 4656 στάσει,
424 4577 465 4664 τιμ
496 4578 610 4662 δικαίιμ
634 4597 668 4640 τε
690 4578 746 4641 καί
768 4585 808 4662 τῇ
830 4577 1012 4661 παγιύτητι,
1041 4571 1074 4639 ἐν
1099 4570 1145 4647 οῐς
1167 4571 1206 4660 ἠν
1229 4578 1286 4640 καί
1308 4578 1369 4662 πρύ
1400 4587 1457 4644 τού
1481 4599 1538 4658 γε-

268 4703 383 4768 νέσθαι
409 4703 464 4790 την
491 4709 655 4788 παροῦσαν
690 4701 815 4785 τρέβαν,
852 4699 979 4782 βέβαιον
1006 4701 1062 4762 καί
1092 4696 1354 4784 ἀπαρασάλεοτον
1377 4701 1539 4788 διαμένειν

269 4847 302 4892 τε
324 4829 379 4893 καί
400 4828 546 4893 νοεῖσθαι
569 4828 626 4890 καί
649 4823 738 4902 εἶναι,
763 4825 881 4910 γραφέν
904 4816 964 4888 ὑπὸ
987 4819 1030 4909 τῷ
1054 4820 1115 4888 ἀπὸ
1139 4831 1195 4910 τῆς
1220 4821 1377 4912 ένσάρκοο
1408 4825 1537 4895 υόκυνο-
