3132 5268
1235 383 1298 452 189

44 601 87 644 νον
108 583 332 667 γεωργηθηναι
354 578 387 646 ἐν
411 589 449 666 τη
473 576 613 667 ἡμετέρα
641 581 800 664 βασιλείᾳ,
831 575 907 666 ὅπερ
935 576 1109 664 διαμενέτω
1138 583 1224 644 κατὰ
1247 582 1299 644 τδν

42 706 125 769 τύπον
158 715 218 769 τῶν
247 707 373 792 τρεβιῖιν·
403 705 431 768 εί
458 706 493 769 δὲ
518 703 548 770 υἱ
575 703 738 771 Βενίτικοι
772 703 906 770 θέλουσι
938 705 1052 770 πωλεῖν
1084 702 1116 768 ἐν
1144 705 1186 790 τῷ
1215 707 1299 790 εύπιρ

42 837 87 891 που
112 833 320 916 πρυσιρορίσυ,
356 829 505 893 δύνανται
531 829 644 892 πωλεῖν
680 827 884 902 ἀποδιδόντες
912 829 948 892 τὺ
975 826 1182 915 κομμίρκιον.
1218 831 1299 914 πλὴν

42 951 125 1025 εἴτις
147 949 305 1039 Ῥωμαῖος
329 954 464 1039 θελήσει
491 953 604 1018 πωλεῖν
633 964 730 1031 σῖτον,
766 949 845 1018 ὅπου
873 951 890 1018 ὁ
918 950 1086 1027 Βενέτικος
1113 953 1210 1018 πωλεῖ
1238 952 1298 1029 ἔξω

39 1081 232 1164 προσρυρίου,
270 1079 340 1140 τότε
375 1073 392 1139 ὑ
426 1074 594 1150 Βενέτικος
628 1073 825 1163 κομμέρκιυν
860 1072 919 1140 υύκ
956 1074 1135 1164 ἀπυρλὴσει
1174 1077 1228 1142 διὰ
1262 1079 1297 1140 τύ

39 1199 203 1285 ἐλευθέρως
231 1201 391 1266 δύνασθαι
417 1202 540 1266 πωλεῖν.
569 1206 625 1266 καί
653 1199 719 1266 ίπεί
746 1199 891 1282 ἐγένοντό
920 1221 1001 1274 τινες
1024 1199 1175 1291 διαφοραὶ
1199 1199 1297 1288 μέσον

36 1320 113 1407 ἡμῶν
138 1347 171 1388 τε
200 1329 257 1388 καί
292 1335 348 1411 τῆς
384 1326 549 1410 βασιλείας
583 1322 672 1412 ἡμῶν
706 1330 762 1389 καί
790 1334 847 1390 τού
880 1334 977 1412 κυρυύ
1012 1325 1128 1400 δουκὺς
1156 1329 1212 1390 καί
1239 1332 1295 1390 τού

35 1453 215 1532 κουμουνίου
244 1447 393 1522 Βενετίας
420 1449 492 1536 περὶ
521 1458 576 1515 τού
600 1452 697 1514 τύπου
720 1459 775 1514 τού
798 1454 1010 1534 προσρυρίου,
1047 1445 1122 1534 ὑπὲρ
1152 1453 1298 1534 μείζονος

37 1577 200 1659 σαφηνείας
225 1576 391 1658 τάττομεν,
417 1569 465 1637 ὑτι
489 1570 506 1638 ὁ
529 1576 624 1646 τύπος
645 1581 699 1636 τού
729 1579 922 1661 πρυσρορίυυ
953 1582 1008 1659 τῆς
1039 1569 1296 1638 Κωνσταντινου-

35 1697 145 1769 πύλεως
178 1696 261 1761 ἔστω
294 1701 351 1762 καί
378 1695 458 1761 εἶναι
485 1699 624 1762 νοείσθω
660 1701 744 1761 κατὰ
779 1701 816 1760 τὰ
853 1693 925 1781 ὑρια
960 1701 1000 1761 τὰ
1034 1695 1182 1783 ἀρχῆθεν
1220 1696 1294 1762 εἰω-

36 1825 116 1886 θύτα.
143 1823 190 1887 ἔτι
212 1819 229 1886 ὑ
255 1817 368 1909 ῥηθείς
392 1821 641 1908 ἀποκρισιάριος,
666 1823 813 1895 σύνδικος
836 1825 892 1886 καί
915 1822 1082 1908 ἐπίτροπος
1106 1820 1188 1886 εἶπεν
1212 1817 1295 1908 ἡμῖν,

36 1941 74 2008 ὑτι
102 1949 214 2029 [τι]νὲς
249 1945 413 2012 Βενὲτικοι
446 1951 503 2010 καί
537 1944 579 2019 ὑις
606 1945 769 2012 Βενὲτικυι
797 1946 1083 2029 καταλογιζόμενοι
1118 1949 1203 2030 παρὰ
1238 1953 1295 2030 τῆς
1404 1981 1405 1992 ι

36 2063 181 2156 ἡμετέρας
207 2071 373 2153 βασιλείας
403 2067 547 2149 ἐγένοντο
571 2067 737 2155 Ῥωμαῖοι,
768 2067 959 2154 ἀρκούμεθα
985 2064 1076 2154 ἡμεῖς
1100 2063 1117 2132 ὅ
1141 2089 1173 2131 τε
1199 2069 1293 2150 βασι·

36 2193 97 2267 λεύς
123 2200 181 2258 καί
208 2191 228 2282 ἡ
258 2197 406 2279 βασιλεία
434 2191 523 2281 ἡμῶν
559 2193 829 2260 ἀνακαλέσασθαι
862 2197 983 2267 πάντας
1010 2194 1082 2268 τούς
1105 2193 1294 2267 Βενετίκυυς

34 2321 79 2382 καί
100 2320 174 2392 τούς
198 2316 241 2392 ύς
264 2319 452 2392 Βενετίκους
483 2320 794 2406 καταλυγιζομὲνοος
822 2319 894 2392 τούς
922 2322 1093 2401 γεγονότας
1121 2315 1295 2404 Ῥωμαίους

35 2439 170 2516 ἐναντίως
199 2451 254 2506 τοῦ
283 2444 379 2506 τύπου
407 2453 467 2508 τῶν
502 2445 619 2528 τρεβιῖιν
648 2441 710 2508 ἀπὸ
738 2451 794 2508 τυύ
822 2451 934 2528 καιροῦ
963 2452 1022 2506 τῶν
1052 2440 1198 2528 ἐσχάτων
1223 2463 1295 2527 τρε·

36 2566 86 2644 βιῖν
118 2576 182 2630 τῶν
210 2571 386 2652 γενομένων
415 2565 447 2630 δν
477 2577 516 2654 τὴ
543 2565 875 2632 Κωνσταντινουπύλει
908 2569 1004 2652 μέχρι
1037 2576 1096 2631 τῶν
1125 2573 1178 2632 νῦν
1213 2561 1294 2630 οὑτω

34 2693 79 2751 καί
110 2693 373 2775 τοιουτοτρύπως,
410 2687 458 2754 ὅτι
487 2689 517 2754 οἱ
547 2689 710 2756 Βενέτικοι
738 2688 767 2754 υἱ
802 2693 967 2770 γεγονότες
1001 2687 1151 2776 Ῥωμαῖοι
1186 2689 1231 2762 είς
1259 2695 1295 2754 τύ

36 2812 95 2901 ἑὲΐης
118 2812 155 2880 ού
181 2817 495 2902 διαβιβασθὴσυνται
518 2814 561 2888 ὑις
585 2813 748 2901 Ῥωμαῖοι,
784 2811 853 2878 ἀλλ’
882 2812 925 2888 ὑς
952 2813 1123 2880 Βενὲιικυι.
1157 2815 1203 2878 ἔτι
1226 2818 1296 2900 περί

35 2947 79 3022 τῆς
99 2941 242 3024 πράξεως
271 2949 331 3004 τῶν
360 2937 548 3024 δευτερικιῖιν
576 2945 715 3024 κρασίων
742 2935 831 3024 ἡμεῖς
855 2935 872 3002 ὑ
897 2939 1049 3022 βασιλεύς
1076 2943 1132 3002 καί
1154 2935 1174 3025 ἡ
1199 2940 1294 3022 βασι·

35 3061 93 3126 λεία
119 3061 211 3150 ἡμῶν
246 3059 490 3148 ὑπισχνούμεθα
517 3067 573 3126 καί
601 3059 731 3148 ἀρέσκει
766 3059 838 3150 ἡμῖν
867 3067 1021 3141 γενέσθαι
1055 3066 1111 3126 καί
1138 3062 1294 3150 φυλάττε-

36 3189 102 3252 σθαι
129 3191 217 3252 κατὰ
245 3191 298 3252 τόν
328 3189 422 3252 τύπον
450 3197 510 3251 τῶν
538 3189 663 3273 τρεβιῖιν.
697 3185 742 3249 ἔτι
765 3191 835 3271 περὶ
866 3195 922 3273 τῆς
945 3187 1087 3271 πράξεως
1110 3193 1165 3248 τού
1194 3189 1293 3263 σίτου,

35 3307 112 3394 ἡμεῖς
142 3311 161 3376 ὁ
190 3313 339 3395 βασιλεύς
366 3316 423 3375 καί
450 3307 469 3397 ἡ
500 3311 648 3394 βασιλεία
676 3306 764 3398 ἡμων
796 3311 931 3394 λὲγομεν
965 3313 1021 3374 καὶ
1055 3306 1184 3395 άράσκει
1218 3305 1291 3396 ἡμῖν

36 3439 179 3510 γενέσθαι
206 3433 252 3500 ἐπ’
282 3430 380 3500 αὑτοῦ
408 3444 463 3499 τοῦ
492 3439 579 3499 σίτου
606 3437 662 3498 καί
688 3438 759 3518 περί
788 3429 885 3498 αὑτοῦ
913 3437 997 3497 κατὰ
1025 3435 1078 3497 τύν
1107 3435 1202 3498 τύπον
1230 3441 1292 3497 τῶν

36 3562 154 3642 τρεβιῖιν,
181 3569 340 3645 μενουσῶν
364 3569 424 3624 τῶν
451 3558 555 3622 ἄλλων
578 3569 687 3623 πασῶν
717 3557 905 3644 ἐλευθεριιῖιν
934 3562 990 3622 καί
1017 3567 1212 3644 ρραγγισιοῖν
1242 3556 1293 3622 ἐπί

35 3687 140 3759 πάσαις
164 3695 233 3758 ταῖς
257 3682 371 3758 ἄλλαις
397 3688 627 3769 πραγματείαις
654 3687 709 3746 καί
732 3693 795 3757 τοῖς
822 3686 1003 3769 πράγμασιν
1032 3679 1078 3758 είς
1106 3685 1162 3770 τὴν
1191 3679 1292 3748 αὑτοῖν

35 3812 221 3874 κατάστασιν
244 3812 329 3872 κατὰ
357 3809 409 3872 τόν
433 3809 526 3872 τύπον
550 3817 610 3870 τῶν
639 3809 764 3892 τρεβῶν.
791 3807 837 3871 ἔτι
862 3802 953 3894 ἡμεῖς
977 3804 993 3872 ὑ
1019 3807 1167 3892 βασιλεύς
1195 3811 1251 3872 καί
1272 3801 1292 3893 ἡ

35 3929 171 4010 βασιλεία
204 3928 293 4018 ἡμῶν
332 3926 575 4016 ὑπισχνούμεθα
609 3931 652 4014 τῷ
679 3927 832 4016 είρημὲνιρ
872 3929 1116 4016 ἀποκρισιαρίιρ,
1157 3931 1292 4016 συνδίκιρ

34 4059 79 4118 καί
103 4057 273 4142 ἐπιτρόπῳ,
298 4051 378 4118 ὥστε
393 4055 497 4118 πάντα
520 4057 559 4117 τὰ
582 4056 859 4139 καινουργὴματα,
885 4049 1128 4140 ἀποστερὴσεις,
1154 4053 1292 4132 ἀδικίας,

35 4184 292 4268 προσκρούσματα
320 4183 376 4243 καί
405 4183 520 4264 ζημίας
548 4180 605 4252 τὰς
634 4181 805 4264 γενυμῖνας
833 4175 872 4242 δι’
908 4174 996 4265 ἡμῶν
1023 4183 1080 4244 καὶ
1114 4188 1170 4266 τῆς
1199 4179 1293 4263 βασι-

35 4303 112 4378 λείας
139 4303 229 4392 ἡμιῖνν
257 4314 321 4377 τοῖς
356 4298 619 4389 ὑποτεταγμένοις
647 4300 691 4386 τῷ
723 4300 808 4387 κυρῴ
833 4301 924 4366 δουκί
955 4307 1012 4368 καί
1046 4305 1088 4388 τῷ
1114 4307 1293 4389 κυυμουνίιρ

35 4423 169 4504 Βενετίας
198 4427 230 4493 ἐν
259 4428 302 4513 τῷ
334 4427 436 4513 καιρῷ
462 4431 518 4492 καί
546 4424 608 4491 ἀπὸ
637 4435 692 4489 τοῦ
720 4435 922 4510 καιρυύ,τιῖιν
953 4426 1139 4490 τελευταίων
1175 4429 1293 4512 τρεβῶν

35 4561 85 4615 τοῖν
113 4557 288 4640 γενομῖνων
317 4550 349 4615 ἐν
380 4563 418 4638 τη
446 4549 775 4616 Κωνσταντινουπύλει
810 4547 866 4612 καὶ
901 4553 981 4634 μετὰ
1009 4559 1109 4614 ταῦτα
1144 4549 1292 4624 ἐναντίως

37 4685 82 4740 τού
108 4681 203 4743 τύπου
238 4689 297 4742 τῶν
327 4677 444 4760 τρεβύν
479 4675 658 4739 καταλῦσαι
688 4677 744 4738 καί
771 4672 1020 4757 διορθώσασθαι
1050 4678 1106 4739 καί
1128 4673 1292 4755 ἐπαναγα-

37 4811 91 4879 γεῖν
118 4802 162 4876 εἰς
189 4803 245 4891 τὴν
280 4799 489 4892 ὀφειλομένην
524 4797 605 4866 εἶναι
632 4803 688 4865 καί
715 4793 752 4888 ἐν,
772 4794 794 4886 ἡ
816 4793 898 4894 ἡσαν
933 4803 1144 4880 καταστάσει,
1179 4802 1294 4880 καθώς
