3182 5264
215 387 256 448 10

182 631 184 638 ι
210 581 401 666 Χορβοιτίας,
426 581 613 667 Δαλματίας
634 585 760 645 καὶτοῦ
778 581 957 666 Δυρραχίου
980 585 1036 644 καί
1060 580 1136 667 ἄχρι
1160 589 1215 667 τῆς
1238 579 1480 664 Ἀλεξανδρείας

211 710 267 770 καί
292 703 404 792 αὑτῆς,
440 703 512 770 οὑτε
535 701 625 793 ἡμεῖς
649 705 683 770 οί
702 715 757 792 τής
788 709 896 792 χώρας
932 710 988 770 καί
1012 714 1066 770 τοῦ
1101 710 1240 790 κάστρου
1275 713 1330 804 τής
1359 704 1483 789 Πίσσης

212 828 337 894 ἔποικοι
372 833 623 917 σομφωνήσομεν
660 833 740 914 μετά
775 849 856 901 τινος
883 833 1053 916 προσώπου
1076 827 1096 916 ή
1121 831 1201 894 λαοῦ
1227 827 1482 915 έχθραινομένοο

211 965 249 1039 τή
274 949 410 1039 ὑμετέρα
431 954 579 1038 βασιλεία
601 956 680 1038 πρὸς
697 956 732 1017 τό
749 951 876 1041 ἀφελείν
892 962 992 1018 ταῦτα
1009 951 1062 1042 ἀφ’
1085 951 1171 1039 ὑμῶν
1194 956 1249 1016 καί
1273 963 1329 1038 της
1352 949 1480 1038 Ῥωμα-

210 1081 290 1155 νίας,
306 1082 363 1142 καί
379 1075 434 1142 έάν
452 1095 532 1149 τινες
549 1075 582 1140 έν
609 1088 669 1143 των
692 1076 823 1142 ἐνοίκων
848 1087 903 1163 τῆς
926 1081 1034 1164 χώρας
1050 1081 1106 1142 καί
1123 1087 1182 1142 τῦιν
1200 1076 1375 1163 ἀνθρώπων
1391 1071 1481 1162 ήμῶν

162 1193 165 1201 ’
211 1205 325 1287 ζημίαν
349 1204 506 1287 ποιήσωσι
530 1213 567 1286 τη
593 1202 741 1285 βασιλείᾳ
764 1197 849 1286 ὑμῶν
873 1205 930 1266 καί
954 1199 999 1273 είς
1023 1199 1200 1286 Ῥωμανίαν
1224 1199 1283 1266 ὦσι
1299 1204 1359 1264 »καί
1382 1205 1481 1286 ζητη-

210 1327 295 1388 θιῦσι
316 1329 402 1410 παρὰ
438 1335 492 1412 τής
529 1326 694 1408 βασιλείας
728 1320 813 1410 ὑμῶν
850 1322 901 1389 ἀπ’
926 1321 1043 1404 αὑτῶν,
1077 1323 1131 1388 ἵνα
1164 1307 1402 1410 διορθώσονται
1425 1325 1481 1408 τήν

210 1452 325 1533 ζημίαν
345 1450 478 1522 δικαίως
489 1453 550 1540 ικαί
572 1450 841 1532 συμβιβαστικῦς,
865 1452 921 1513 καί
945 1448 1000 1513 ἐὰν
1024 1449 1069 1522 είς
1092 1447 1270 1534 Ῥωμανίαν
1294 1429 1356 1534 σόη
1378 1443 1479 1534 ὑπάρ·

210 1593 291 1658 χωσι
314 1577 370 1637 καί
395 1573 440 1646 είς
465 1571 588 1638 Πίσσαν
610 1568 842 1659 ὑποστρέψωσι,
874 1577 929 1638 καί
959 1569 1031 1659 ἡμῖν
1063 1583 1156 1637 τοῦτο
1177 1575 1316 1654 γνωστόν
1340 1578 1480 1659 γένηται,

208 1695 236 1760 εὶ
260 1699 316 1781 μέν
340 1695 452 1782 ἔχουσι
476 1696 695 1782 κληρονόμους
720 1695 765 1770 είς
789 1695 927 1772 Πίσσαν,
960 1701 1046 1761 κατὰ
1073 1697 1127 1782 τήν
1158 1697 1291 1782 δύναμιν
1321 1705 1376 1781 τής
1400 1696 1478 1760 ὑπο-

210 1823 352 1894 στάσεως
375 1820 431 1904 τήν
455 1820 627 1906 διόρθωσιν
650 1823 832 1906 ποιήσωμεν
852 1821 985 1892 δικαίως
1005 1817 1025 1906 ἢ
1043 1823 1125 1906 μετὰ
1147 1821 1375 1905 συμβιβάσευς,
1399 1820 1481 1906 πλήν

210 1941 286 2010 ὑσον
321 1945 519 2032 καταληφθῇ
555 1942 593 2007 ἐκ
629 1950 839 2017 συναινέσεως
873 1949 930 2010 καί
964 1945 1062 2023 λόγου
1096 1953 1151 2009 τοῦ
1186 1941 1432 2030 ἁποκρισιαρίου
1459 1943 1479 2031 ή

208 2069 455 2155 άποκρισιαρίων
490 2065 586 2154 ὑμῦν·
610 2067 665 2132 έὰν
689 2065 744 2134 οὑν
778 2067 943 2154 ἄνθρωποι
975 2065 1065 2156 ήμῶν
1101 2065 1159 2133 ὦσι
1187 2066 1219 2132 ἐν
1247 2079 1286 2156 πή
1310 2073 1401 2155 χώρη
1424 2079 1479 2154 τής

208 2189 363 2280 ὑμετέρας
397 2193 564 2276 βασιλείας
593 2191 613 2281 ή
642 2191 686 2265 εἰς
720 2193 1051 2260 Κωνσταντινοὺπολιν
1073 2191 1095 2279 ἢ
1121 2190 1153 2256 ἐν
1177 2191 1269 2279 ἑτέρα
1303 2196 1396 2278 χώρα
1422 2197 1480 2258 καί

206 2322 316 2404 νήσοις
340 2327 395 2404 της
420 2317 586 2400 βασιλείας
610 2313 711 2403 ὑμῶν,
740 2317 880 2402 θέλομεν
904 2322 961 2381 καί
986 2319 1191 2403 βεβαιοῦμεν,
1216 2315 1259 2390 ὑς
1284 2315 1345 2386 έάν·
1364 2315 1477 2402 ἐχθροί

207 2437 293 2527 ὑμῶν
317 2442 601 2529 έπανασοβήσωσιν
626 2440 676 2506 ἐπί
698 2445 741 2528 τῷ
762 2443 945 2530 πολεμῆσαι
973 2440 1005 2505 έν
1030 2441 1167 2515 έκείνυις
1191 2453 1253 2514 τοῦς
1277 2445 1420 2526 μέρεσιν,
1445 2439 1478 2502 έν

207 2564 252 2639 υίς
277 2564 307 2630 οἱ
332 2562 481 2652 ἡμέτεροι
506 2562 699 2652 ὑπάρχουσι,
734 2569 791 2631 καί
814 2563 989 2646 ἀναγκαῖον
1017 2565 1079 2652 εἴη,
1115 2563 1168 2628 ἵνα
1197 2563 1387 2656 βοηθήσωσι
1414 2577 1479 2637 τοῖς

207 2689 386 2776 ἀνθρώποις
412 2687 537 2776 [ὑμῶν],
562 2698 619 2765 τὰς
643 2695 751 2777 χώρας
778 2687 862 2777 ὑμῶν
887 2689 1101 2777 ὲκδικήσομεν
1122 2693 1339 2763 κατὰπαντὸς
1357 2688 1480 2785 ἐχθροῦ

206 2813 301 2903 ὑμῶν.
326 2825 426 2882 ταῦτα
449 2820 552 2882 πάντα
575 2819 614 2881 τὰ
639 2815 782 2902 ἀνωτέρω
807 2821 1012 2903 γεγραμμένα
1036 2818 1213 2904 φυλάξομεν
1236 2813 1326 2903 ἡμεῖς
1350 2814 1367 2881 ὑ
1392 2813 1478 2888 ἅπας

205 2940 383 3014 Πισσαίκός
405 2941 485 3021 λαός
509 2950 564 3006 τοῦ
587 2943 727 3025 πάστρου
751 2945 807 3005 καί
831 2950 886 3025 τής
911 2944 1019 3027 χώρας
1035 2939 1159 3028 Πίσσης
1176 2945 1228 3006 σοί
1251 2963 1284 3004 τε
1308 2939 1353 3025 τηῐ
1376 2936 1477 3018 ἁγιω-

206 3069 288 3151 τάτιρ
315 3065 440 3149 βασιλεῖ
465 3065 553 3150 κυρηῐ
576 3064 708 3149 Ἀλεξίιμ
735 3069 792 3130 καί
815 3065 858 3151 τήν
878 3067 1083 3152 περιποθήτιρ
1111 3087 1168 3132 σου
1195 3063 1250 3150 υἱῲ
1272 3068 1330 3129 καί
1352 3065 1480 3148 βασιλεῦ

204 3191 290 3277 κυρῴ
312 3189 439 3276 Ἰωάννη
469 3190 512 3276 τῷ
533 3193 829 3278 πορφυρογεννήτιρ,
853 3193 967 3263 καθείς
999 3190 1142 3276 ἀνωτέρω
1175 3175 1364 3275 γέγραπται,
1390 3189 1476 3254 ἀπα-

206 3318 396 3401 ράθραυστα
423 3319 480 3380 καί
506 3319 587 3400 μετὰ
614 3313 772 3402 ἀληθινῆς
799 3319 933 3388 πίστεως
961 3313 1036 3378 ἄνευ
1066 3317 1163 3380 δόλου
1190 3319 1246 3380 καί
1273 3323 1377 3379 κακοῦ
1402 3320 1476 3399 τρό-

203 3463 277 3519 που,
302 3437 388 3527 ὑμῶν
412 3443 466 3505 διὰ
489 3440 733 3527 χρυσοβοόλλων
756 3441 999 3523 βεβαιωσάντων
1021 3443 1061 3504 τά
1085 3437 1117 3504 έν
1141 3439 1184 3525 τῷ
1206 3433 1345 3524 ὑμετέρῳ
1369 3440 1476 3524 γράμ-

206 3587 282 3650 ματι
310 3569 537 3651 περιεχόμενα,
571 3562 623 3628 ἵνα
650 3564 809 3653 φυλάξητε
835 3573 936 3632 ταῦτα
963 3559 1046 3650 ἡμίν.
1075 3572 1167 3628 τοῦτο
1196 3567 1324 3642 γέγονεν
1353 3561 1386 3626 έν
1411 3561 1478 3627 ἔτει

205 3699 261 3775 τῆς
290 3685 518 3773 ἐνσαρκόισεως
548 3699 603 3754 τοῦ
631 3693 740 3774 κυρίου
767 3683 856 3774 ήμῦιν
883 3687 987 3774 Ἰησοῦ
1010 3687 1148 3775 Χριστοῦ
1171 3687 1270 3775 ,αριαζ
1296 3709 1477 3772 τεσσαρεσ-

63 3855 84 3886 e
205 3814 384 3900 καιδεκάτῃ
408 3815 579 3879 καλανδῶν
604 3811 713 3899 μαΐου,
737 3813 931 3887 ίνδικτιῦνος
956 3813 1002 3894 ιγ’,
1028 3812 1158 3880 ένοίπιον
1181 3825 1236 3879 τοῦ
1261 3812 1474 3900 ἀρχιεπισκδ-

204 3959 264 4004 που
280 3937 449 4026 Ἀμάλφης
472 3940 527 4002 καί
541 3935 677 4024 Μόσχου
701 3947 754 4002 τοῦ
778 3946 886 4024 κριτοῦ
910 3938 1093 4027 Ἀμάλφης,
1117 3939 1247 4004 ἐνώπιον
1270 3949 1331 4004 τῶν
1348 3935 1476 4006 ὑπάτων

205 4071 261 4148 τής
285 4061 418 4148 Πίσσης.
443 4062 559 4128 τούτων
584 4056 682 4135 οὑτως
715 4060 882 4151 ἐγγράφως
904 4060 978 4147 παρ’
1003 4061 1130 4128 ἐκείνων
1154 4067 1211 4127 καί
1234 4062 1274 4128 δι’
1298 4059 1397 4148 ὅρκου
1420 4063 1477 4145 βε-

206 4187 409 4269 βαιωθέντων
442 4190 602 4271 παρουσία
635 4189 691 4250 καί
725 4195 779 4252 τοῦ
815 4183 985 4273 ἀνθρώπου
1020 4197 1075 4274 τής
1107 4187 1271 4270 βασιλείας
1308 4208 1382 4272 μου,
1418 4196 1477 4251 τοῦ

204 4309 397 4397 Μεσημέρη,
431 4308 499 4374 ἐπεὶ
531 4314 589 4376 καί
623 4305 710 4396 ὑμεῖς
745 4309 946 4403 ἀπεστάλητε
968 4307 1039 4397 παρ’
1064 4311 1209 4389 ἐκείνων,
1242 4307 1316 4376 ὅτε
1339 4309 1477 4385 Δίδοςὺ

205 4432 366 4520 Κληρικὺς
389 4437 445 4498 καί
460 4431 634 4520 Γονυφίλος
650 4430 667 4498 ό
682 4436 905 4521 πρεσβύτερος,
930 4433 1084 4520 Γιράρδος
1107 4433 1125 4500 ὑ
1147 4433 1350 4514 Βισκοῦντος,
1374 4433 1477 4500 Ἰλδε-

205 4680 324 4767 κριτής,
347 4677 443 4753 Βίδος
467 4678 484 4744 δ
507 4678 573 4753 υἱὺς
598 4689 652 4745 τοῦ
675 4679 783 4746 Βάνου
806 4675 939 4746 Πιπίνου
962 4687 1018 4745 καί
1038 4680 1244 4767 Ἀδιμοῦντος
1264 4681 1475 4767 κουροπαλά-

205 4824 260 4892 της
284 4801 301 4870 ὑ
324 4801 390 4878 υἱός
426 4811 481 4870 τοῦ
504 4802 615 4883 Ὤτου,
650 4808 707 4868 καί
730 4804 852 4894 γραφήν
877 4801 1095 4893 ἀπεκομίσατε
1120 4808 1198 4892 πρὸς
1222 4807 1277 4896 τήν
1305 4807 1481 4893 βασιλείαν
