3148 5268
1303 379 1342 445 51

77 565 302 654 Στροβιλιάτου
337 569 388 638 ἐπί
416 569 629 662 ἐμφοττίματι
665 571 844 662 ὑπεραίρων
872 573 899 639 δ’
921 575 976 640 διὰ
1002 576 1038 639 τί
1072 575 1246 660 κτισθῆναι
1272 569 1344 660 παρ’

75 689 181 758 αὐτοῦ.
208 691 271 760 άπὸ
294 703 351 760 τοῦ
375 697 485 771 πίλους
508 707 567 764 τῶν
583 698 629 762 κε’
650 701 763 786 πῆχυν
786 709 916 765 κατίσον
940 701 1056 766 τουτον
1079 699 1158 783 πρὸς
1184 697 1273 763 δύσιν
1290 717 1347 762 και

74 825 130 880 τοῖιν
165 817 403 908 διαχραφίνπιον
443 823 642 906 κουβοοκλόν
678 822 817 904 ἀνώχεον
852 829 908 888 καί
943 825 1142 910 τρικλινάριπ
1176 823 1234 887 δύο
1268 823 1346 907 πρὸς

75 938 235 1017 ἀνατολὰς
257 948 314 1009 καί
331 947 539 1033 μεσημβρίαν,
563 944 606 1012 ὧν
631 952 670 1014 τὰ
693 952 843 1029 κατάχεε
864 947 911 1023 τίς
927 951 1110 1035 κυπαρικὸν
1127 945 1345 1038 ἐρχαστῆριον,

73 1069 282 1154 κατεχάμτνπ
314 1073 404 1155 παρὰ
438 1079 495 1158 τῆς
529 1073 664 1158 συμβίου
698 1080 753 1138 τοῦ
789 1070 925 1158 ἐξάρχου
960 1071 1083 1139 ἐκείνου
1118 1071 1262 1148 Ἀλεξίου
1292 1078 1348 1159 τῆς

74 1188 266 1276 Καπαρίνας
298 1190 350 1260 ἐπὶ
385 1191 598 1283 ἐμφοττύματι
633 1192 812 1284 ὑπτρπὺριον
848 1200 1020 1282 τεσσάρων.
1057 1195 1119 1262 ἀπὸ
1150 1205 1206 1262 τοῦ
1235 1197 1347 1268 τέλοος

73 1325 132 1379 τῶν
157 1313 262 1382 αὐτῶν
287 1315 389 1384 εἴκοσι
411 1322 504 1386 πίνττ
525 1323 638 1408 πῆχυν
661 1325 717 1386 καί
740 1323 821 1406 πρὸς
844 1322 932 1388 διίσιν
956 1325 1051 1408 μέχρι
1073 1325 1130 1386 καί
1154 1327 1211 1384 τοῦ
1237 1320 1347 1393 πίλους

74 1449 128 1526 τῆς
152 1441 397 1530 διακρατῆστιυς
420 1453 475 1510 τοῦ
500 1443 639 1532 ἐμβόλου
662 1455 717 1512 τοῦ
742 1447 1017 1534 συναπολῆγοντος
1041 1455 1080 1534 τῆ
1104 1444 1193 1534 ἀρχῆ
1216 1453 1271 1510 τοῦ
1289 1443 1346 1530 ἐμ-

72 1565 178 1652 πῆλου
212 1576 325 1632 πινσοῖι
360 1575 416 1632 που
450 1565 665 1656 ὑπανίχοντος
693 1574 731 1636 τά
765 1568 861 1654 δτιροι
889 1570 1052 1657 οίκῆματα
1079 1579 1135 1658 τῆς
1163 1579 1263 1656 μονῆς
1284 1577 1348 1640 ,τοῦ

74 1687 250 1775 Πατρικίοο
285 1690 461 1758 Θεοδοσίου
497 1696 536 1758 τὰ
572 1697 667 1780 μίχρι
702 1703 758 1780 τῆς
793 1689 925 1780 ῥυμίδος
971 1693 1091 1782 ἔδαφος
1127 1691 1236 1758 ἄνετον
1272 1691 1349 1778 ἐχον

75 1820 180 1898 μῆκος
202 1816 317 1900 πῆχτις
340 1812 497 1902 ἐξήκοντα
517 1820 609 1882 πίνττ
633 1819 717 1882 κατὰ
740 1820 777 1882 τὸ
800 1827 857 1904 τῆς
879 1817 1150 1904 προπαραδόσειυς
1172 1818 1350 1904 πρακτικὸν

73 1941 128 2002 καί
151 1937 275 2012 πλάτος
299 1936 362 2004 άπό
385 1947 441 2004 τοῦ
464 1941 622 2027 δημοσίου
646 1940 785 2027 ἐμβόλου
808 1945 864 2006 καί
885 1945 963 2028 πρὸς
987 1943 1196 2028 μεσημβρίαν,
1218 1939 1290 2026 ἤτοι
1313 1942 1348 2004 τὸ

72 2063 150 2146 πρὸς
175 2062 263 2126 δοσιν
287 2067 383 2150 μίρος
407 2073 463 2152 τῆς
486 2067 611 2137 δίσκοις
635 2075 695 2130 τῶν
719 2064 903 2152 οἰκημάτων
930 2073 984 2132 τοῦ
1016 2064 1191 2151 Πατρικίοο
1225 2063 1347 2132 Θεοδο-

73 2190 145 2250 σίου
171 2189 286 2273 πῆχιις
308 2187 341 2252 δ’
362 2184 470 2274 ἥμισυ,
495 2192 530 2256 τὰ
555 2190 589 2254 δί
614 2191 691 2276 πρὸς
716 2187 875 2262 ἀνατολάς
904 2193 1020 2277 πῆχτις
1045 2189 1062 2254 ι’
1086 2193 1180 2276 μίχρι
1207 2199 1267 2254 τῶν
1299 2186 1347 2254 ol-

73 2313 228 2395 πημάτων
252 2319 308 2398 τῆς
331 2309 479 2400 Ὑῆηλῆς.
505 2311 538 2378 ἐν
561 2314 606 2399 τῷ
626 2316 703 2400 πρὸς
727 2313 816 2380 δύσιν
841 2315 924 2380 τίλει
949 2322 1004 2378 τοῦ
1028 2315 1260 2402 διαχραφίντος
1283 2333 1349 2376 τοι-

74 2434 172 2496 ούτου
205 2431 342 2522 ἐδάφους
377 2433 541 2522 οέκῆματα
576 2435 702 2516 ἀνοίῆτα
733 2437 789 2500 δίο
821 2437 875 2502 διὰ
903 2437 1118 2522 πρικλιναρίου
1153 2433 1349 2524 ὑποσφσίρου

74 2561 158 2640 μετὰ
185 2561 241 2622 καί
263 2555 402 2646 ἡλιακοῦ
425 2562 503 2644 πρὸς
527 2561 735 2646 μεσημβρίαν,
760 2557 803 2626 εἰν
828 2563 867 2626 τά
891 2564 1042 2640 κατώηεα
1067 2563 1148 2645 μετὰ
1172 2563 1350 2646 συρταρίτιν

76 2691 131 2748 τοῦ
158 2691 342 2767 καπαρικοῦ
366 2681 577 2770 ἐργαστηρίου
600 2690 657 2748 καί
681 2685 833 2763 σιἰνεχχυς
862 2685 978 2748 τούτων
1005 2687 1083 2768 πρὸς
1113 2683 1273 2757 ἀνατολὰς
1301 2683 1348 2748 σί-

74 2829 171 2892 κημοι
194 2812 402 2894 χαμσίταιον.
427 2811 632 2894 κατεχόμενα
656 2817 755 2874 ταῦτα
778 2813 866 2894 παρὰ
891 2820 952 2874 τῶν
975 2811 1032 2874 δύο
1061 2806 1267 2898 αόταδέλφοιν
1291 2818 1351 2874 τῶν

75 2929 269 3016 Ὀφικιάνιιν
293 2929 342 2998 ἐπί
364 2931 491 3018 ἐνοικίιρ
513 2936 716 3020 νομισμάτων
745 2929 924 3020 ὑπεραίρων
953 2932 1002 3020 ιη’,
1030 2936 1109 3019 πρὸς
1145 2932 1261 3020 ίίρκτον
1296 2942 1351 3020 τῆς

74 3065 229 3143 περιοχῆς
264 3065 318 3122 τοῦ
353 3059 585 3147 διαχραφίντος
619 3063 808 3150 πιριμὲτρου
841 3056 904 3124 ἀπὸ
939 3068 994 3146 τῆς
1027 3064 1156 3145 πριίιτυς
1192 3055 1349 3146 ῥηδτίσης

77 3176 210 3266 δυμίδος
244 3185 301 3246 καί
323 3184 402 3266 πρὸς
425 3183 513 3248 δύσιν
538 3187 634 3269 μίχρι
657 3187 714 3250 καί
741 3193 798 3271 τῆς
827 3181 1092 3270 ἀναγραφομίνης
1128 3177 1258 3269 ῥυμίδος
1292 3191 1348 3269 τῆς

77 3305 122 3378 τίς
147 3305 337 3381 διεέὀδευσιν
361 3318 421 3372 τῶν
445 3306 734 3394 Ἀσκοίίυριαρίυν,
760 3306 896 3374 ἐποίκων
918 3315 975 3394 τῆς
1000 3315 1098 3395 μονῆς
1121 3315 1177 3374 τοί
1201 3305 1263 3374 ἀπὸ
1279 3305 1348 3374 Ao—

77 3431 231 3513 χοθεπιῖιν,
267 3431 388 3520 ἔδαφος
428 3435 770 3518 συμπαρεκτεινάμενον
808 3432 851 3518 τῷ
888 3433 1019 3518 τοιούτῳ
1056 3436 1230 3518 πτριμίτριρ
1247 3406 1251 3416 ’
1270 3431 1348 3518 ἐχον

76 3556 196 3628 πλάτος
220 3551 363 3620 ἀπὸτοῦ
387 3553 618 3642 ἐμβολοτοπίου
643 3559 700 3620 καί
721 3557 799 3642 πρὸς
822 3554 940 3641 ἄρκτον
961 3559 1078 3643 πῆχεις
1103 3555 1141 3640 ιβ’
1169 3561 1263 3642 μίχρι
1292 3565 1349 3643 τῆς

78 3677 285 3751 διαστάσεως.
314 3675 361 3742 ἐπ’
391 3675 476 3764 αὐτῷ
497 3679 541 3765 τῷ
563 3677 676 3767 ἐδάφει
700 3674 831 3765 εὕρηται
854 3683 910 3744 καί
934 3683 1033 3767 φρίαρ
1058 3683 1138 3765 μετὰ
1161 3684 1347 3765 περιστομί-

78 3803 132 3875 δος
154 3807 355 3888 μαρμαρίνου
389 3805 445 3866 καί
474 3808 624 3888 πυρίνου,
652 3797 673 3889 ἡ
701 3802 737 3866 δὲ
760 3802 1049 3889 περιλιμπανομίνη
1080 3803 1248 3874 διάστασις
1269 3801 1291 3889 ῆ
1315 3799 1348 3868 ἐν

78 3939 139 4000 τοῖς
161 3928 336 4013 προθύροις
359 3936 421 3992 τίον
443 3927 723 4012 Ἀσκοδυριαρίιυν
751 3923 872 4014 ὀφείλει
894 3927 1192 4014 παραφυλαχίλῆναι
1214 3925 1269 3990 διὰ
1292 3927 1347 4011 τῆν

76 4055 249 4132 πάγκοινον
272 4051 380 4116 δίοδον
403 4051 489 4116 κατὰ
511 4053 546 4116 τὰ
569 4053 730 4138 πρότερον.
756 4049 788 4114 ἐν
812 4050 856 4136 τιρ
877 4052 955 4137 πρὸς
985 4051 1073 4116 διίσιν
1105 4047 1228 4135 ἀκραίιρ
1258 4053 1347 4136 μέρτι

77 4184 130 4242 τοῦ
154 4172 253 4240 αὐτοῦ
287 4173 425 4264 ἐδάφους
459 4173 579 4261 οἴκημα
615 4173 754 4254 ἐνιίιχτον
777 4173 823 4248 εἰς
847 4175 1031 4260 κυπαριιιὸν
1059 4170 1265 4260 ἐργαστήριον
1293 4173 1346 4238 διὰ

77 4299 290 4386 τρικλιντιρίου
314 4304 535 4386 ζοχαματικοῡ
558 4303 614 4364 καί
637 4295 777 4386 ἡλιακοῦ
804 4301 883 4385 πρὸς
912 4297 1071 4371 ἀνατολὰς
1107 4299 1162 4362 διὰ
1196 4319 1346 4384 τροπικο-

76 4427 220 4512 διρριίτοο
253 4429 472 4512 κατεχόμενον
505 4427 593 4510 παρὰ
626 4422 772 4490 Ἰωάννου
806 4432 862 4488 τοῦ
896 4423 1027 4492 Παστοϋ
1055 4421 1105 4488 ἐπὶ
1132 4421 1348 4512 ἐμφυτεύματι

78 4546 258 4638 ὑπεραίρων
291 4553 383 4614 πάντα
418 4549 472 4613 διὰ
496 4550 532 4614 τί
555 4551 729 4634 κτισθῆναι
755 4547 830 4634 παρ’
858 4545 964 4614 αὐτοῦ.
995 4551 1156 4634 καὶπρὸς
1191 4545 1350 4620 ἀνατολὰς

79 4673 174 4762 ἄκρον
211 4683 267 4740 τοῦ
301 4675 444 4740 τοιούτου
479 4671 592 4738 ἀνίσου
628 4672 767 4762 ἐδάφους
801 4681 856 4736 τοῦ
893 4677 1123 4759 συνισταμένου
1151 4675 1195 4758 τῷ
1222 4669 1348 4758 ἐμβδλιρ

79 4799 198 4888 οἴκημα
221 4804 403 4886 χαμοίγτον
426 4797 481 4864 διὰ
504 4799 690 4885 καταχίτου
712 4801 911 4884 τιτραπάχοο
928 4797 973 4872 τίς
988 4798 1172 4884 κοπαρικδν
1189 4796 1348 4887 ἐρχαστῆ-

1104 4906 1122 4966 ⁴
1133 4903 1150 4940 δ
