3148 5268
693 587 800 655 XVIII.
819 587 1078 668 (6759-1250).

241 770 405 844 Imperator
419 770 584 830 moram
599 770 645 830 ΙΙ.
661 773 760 828 scribit
775 772 882 828 Ιοοππί
898 773 1045 830 Βοτοτεαε
1062 777 1189 846 ρεαοίτεν
1204 778 1339 830 incusam
1352 777 1525 870 ροπτεγιεειη

802 915 960 956 romanum.

245 1029 698 1153 Φρῑιῧερῑίίθτιδεοῶ
727 1069 890 1153 χάριτι
917 1071 996 1132 καί
1025 1071 1075 1132 τὰ
1103 1066 1439 1155 ἑξῆς,,’ίιοσίννη
1473 1057 1527 1154 τῷ

288 1189 648 1278 ἐπιφανεστάτῳ
682 1189 895 1278 Γραικῶν
931 1193 1121 1275 βασιλεῖ
1154 1195 1231 1256 καί
1265 1197 1315 1258 τὰ
1354 1191 1478 1278 ἑξῆς.

333 1370 400 1444 Τὰς
424 1369 705 1456 ἀποκομισδείσας
730 1374 855 1459 γραφὰς
877 1383 916 1458 τη
940 1368 1027 1458 ἡμῶν
1053 1369 1231 1458 αίδριύτητι
1259 1369 1296 1436 ὲκ
1321 1376 1442 1456 μίρους
1470 1383 1524 1458 τῆς

246 1496 412 1578 βασιλείοις
438 1517 494 1560 σου
519 1499 599 1580 μετὰ
623 1504 678 1562 τού
702 1495 891 1582 Παιδρύτου,
915 1496 1130 1560 παιδοπούλου
1155 1492 1266 1582 οιύτης,
1292 1499 1371 1582 μετὰ
1396 1498 1522 1580 πολλῆς

235 1617 403 1707 ,εὐθυμίας
429 1617 621 1706 ἐδεξάμεθα·
646 1623 777 1707 δυμήρη
803 1624 862 1706 γὰρ
891 1620 926 1684 ἐν
951 1615 1059 1694 αύταίς
1083 1624 1260 1705 περιείχετο
1288 1625 1343 1684 καί
1372 1631 1411 1708 τη
1439 1617 1521 1706 ἡμε-

246 1749 322 1830 τίρογ
343 1743 525 1831 αίδριύτητι
541 1744 612 1808 λίαν
638 1741 785 1828 ἐπιτερπῆ
801 1749 872 1828 περὶ
896 1753 950 1830 τῆς
974 1754 1033 1808 τῶν
1051 1755 1114 1810 σῶν
1131 1740 1242 1824 ύγειῶν
1258 1742 1314 1810 καὶ
1330 1741 1522 1808 εύοδῶσεῶν

245 1872 302 1934 καί
326 1872 393 1954 περί
417 1879 486 1947 τῶν,
512 1863 573 1934 ὅσα
596 1871 666 1953 περί
689 1877 744 1956 τῆς
768 1870 866 1953 κη’σου
888 1865 1000 1932 Ῥύδου
1025 1865 1089 1954 μετ’
1115 1863 1261 1954 εὐτυχίας
1284 1871 1360 1952 πρὸς
1391 1872 1429 1932 τὸ
1459 1891 1521 1932 πα-

244 1994 297 2079 ρὸν
334 1990 563 2078 ἐτελίσδηοαν.
600 1995 656 2056 καί
689 1987 779 2077 ἡμεῖς
814 1988 997 2075 ἀμοιβαίοις
1032 1996 1275 2078 κομμενταρίοις
1309 2003 1348 2078 τῇ
1384 1993 1523 2078 καθαροί

247 2115 356 2202 ἀγάπη
381 2125 436 2202 τῆς
461 2115 628 2199 βασιλείας
651 2136 708 2179 σου
733 2117 902 2201 μηνύομεν,
927 2111 975 2180 ὅτι
999 2125 1038 2202 τη
1063 2112 1186 2180 ἄνωθεν
1209 2117 1376 2202 προμηθίη
1400 2138 1521 2202 κρατυ-

245 2243 372 2325 νόμενοι
395 2243 451 2304 καί
475 2236 687 2326 ὁδηγούμενοι
709 2235 906 2324 ὑγιαίνομεν,
936 2234 1171 2324 τύσταδοῶμεν,
1202 2249 1337 2324 νικῶμεν
1362 2241 1437 2314 τούς
1463 2239 1519 2326 ἐχ-

246 2365 346 2450 δρούς
370 2361 459 2452 ἡμῶν
482 2361 560 2432 καθ’
585 2361 736 2450 δκτίστην,
760 2369 816 2430 καί
840 2363 920 2430 καθ’
942 2360 1029 2451 ἡμᾶς
1051 2367 1153 2430 πάντα
1173 2369 1258 2429 κατὰ
1279 2375 1350 2430 νοῦν
1367 2362 1518 2430 εύοδοῶν-

247 2512 299 2554 ται
322 2491 378 2554 καί
401 2489 605 2554 διιδύνονται
630 2486 702 2572 περὶ
725 2488 761 2552 δὲ
785 2491 897 2574 χρείαν
921 2489 975 2573 την
1000 2486 1032 2554 ἐν
1056 2500 1120 2562 τοῖς
1145 2491 1313 2578 γρσίμμαρι
1340 2498 1396 2576 τῆς
1427 2491 1519 2573 βασι-

248 2615 337 2688 λείας
362 2635 432 2687 σου,
462 2623 527 2688 πῶς
552 2609 568 2678 ὁ
592 2615 699 2686 ποίπας
724 2611 882 2701 ἀδελφούς
906 2609 1096 2700 ἐλαχίστους
1119 2617 1173 2678 καί
1196 2616 1339 2699 κήρυκας
1362 2617 1443 2698 πρὸς
1468 2616 1519 2699 τὴν

250 2738 416 2822 βασιλείαν
451 2759 508 2802 σου
544 2735 730 2802 ἀπέστειλεν
755 2737 806 2802 ίπί
833 2735 876 2822 τιρ
897 2737 1112 2824 διαλεχθῆναι
1148 2741 1228 2822 μετὰ
1256 2747 1315 2802 τῶν
1345 2735 1519 2825 ἀρχιερέων

248 2872 303 2949 τῆς
333 2862 511 2948 ἐκκλησίας
541 2870 595 2947 τῆς
624 2862 789 2946 βασιλείας
818 2883 891 2940 σου;
919 2858 996 2947 ὅπερ
1025 2859 1060 2926 ού
1086 2866 1180 2947 μόνον
1209 2873 1247 2950 τῇ
1275 2857 1363 2948 ἡμῶν
1393 2863 1518 2948 οἱδριύ-

249 3009 328 3073 τητι,
353 2983 437 3051 ἀλλὰ
461 2983 604 3058 καὶτοῖς
629 2984 676 3050 ἔτι
699 2990 822 3072 νηπίοις
847 2985 901 3070 τήν
926 2989 1053 3072 γνώμην
1077 2988 1251 3072 τερατῶδες
1274 2986 1436 3052 δοκεῖκαὶ
1460 3009 1518 3052 πα·

251 3111 394 3197 ρὰδοξον.
423 3120 489 3186 πῶς
519 3105 611 3183 ούτος
640 3106 656 3174 δ
680 3110 854 3196 λεγόμενος
878 3113 978 3196 μέγας
1003 3107 1169 3198 ἀρχιερεύς
1195 3109 1411 3197 [ἀρχ]ιερίῶν,
1441 3115 1517 3178 πάν-

251 3255 310 3300 των
335 3233 467 3302 ἐνώπιον
496 3231 574 3298 καθ’
603 3232 742 3321 ἑκάστην
773 3236 827 3321 τὴν
858 3235 1024 3318 βασιλείαν
1053 3256 1110 3300 σου
1138 3232 1290 3321 ύνομαστί
1319 3241 1374 3301 καί
1401 3243 1518 3308 πάντας

251 3360 323 3433 τούς
358 3355 417 3424 δπό
452 3363 488 3424 σὲ
520 3357 695 3444 Ῥωμαίους
731 3356 898 3447 ἀρορισμιρ
930 3360 1202 3442 καδυποβοίλλῶν,
1237 3358 1415 3444 αἱρετικούς
1451 3361 1517 3432 τούς

251 3481 525 3570 δρδοδοξοτοίτους
559 3481 751 3569 Ῥωμαίους,
788 3481 821 3559 ἐξ
855 3479 897 3548 ὧν
925 3480 944 3572 ἡ
972 3488 1074 3558 πίστις
1102 3494 1162 3548 τῶν
1190 3495 1379 3572 χριστιανῶν
1407 3486 1452 3560 είς
1483 3488 1518 3550 τὰ

252 3609 307 3694 της
331 3606 521 3695 οίκουμίνης
544 3606 660 3694 ἐξῆλθε
683 3611 814 3693 πέρατα,
840 3605 1055 3696 ἀναισχύντως
1079 3609 1198 3684 καλῶν,
1222 3611 1380 3684 τοιούτους
1404 3609 1516 3695 ἄνδρας

251 3731 481 3817 πνευματικούς
512 3729 581 3796 κατῗ
614 3728 708 3798 αύτύν
743 3734 820 3818 πρὸς
851 3732 906 3816 την
938 3733 1104 3814 βασιλείαν
1136 3755 1196 3796 σου
1225 3731 1431 3800 ἀποστέλλειν
1463 3729 1516 3796 ούκ

253 3854 440 3942 ίρυδρίασεγ
467 3865 532 3930 πῶς
561 3852 656 3920 δτοῶ
686 3854 863 3942 σχίσματος
898 3853 997 3930 αἴτιος
1025 3856 1163 3942 δολερῶς
1199 3851 1435 3944 ύπεισίρχεται,
1469 3855 1517 3920 ἵνα

253 3993 316 4054 τοῖς
345 3978 495 4054 ἀναιτίοις
524 3979 655 4068 είσφίρη
686 3977 908 4066 ἀντὲγκλημα;
939 3989 1004 4056 πῶς
1032 3978 1048 4045 δ
1078 3977 1258 4069 ἁγιωσύνην
1281 3984 1514 4068 καδυποκρινύ·

253 4123 347 4189 μενος
374 4105 428 4170 διὰ
451 4105 523 4178 τούς
548 4103 705 4192 ύπηρίτας
739 4107 796 4170 καί
825 4107 968 4191 κήρυκας
996 4113 1051 4170 τού
1082 4104 1202 4172 οίκείοο
1230 4107 1415 4194 θελήματος
1443 4105 1515 4172 ἀπο-

255 4233 371 4304 στάτας
395 4239 450 4317 τῆς
483 4235 617 4306 πίστεως
644 4233 701 4294 καί
724 4230 998 4304 σκανδαλοποιούς
1033 4230 1104 4304 τούς
1138 4235 1289 4316 πρόσθεν.
1313 4239 1369 4298 καί
1396 4233 1515 4299 ἄνωθεν

256 4347 308 4418 ἀπ’
332 4351 434 4439 ἀρχῆς
457 4356 669 4428 πλουτοῦντας
693 4356 748 4441 την
773 4350 937 4438 εύσὲβειοιν
960 4357 1016 4445 καί
1041 4357 1095 4440 τὴν
1119 4354 1244 4442 εἰρήνην
1275 4353 1515 4442 εὐαγγελιζομέ-

256 4497 328 4550 νους
352 4487 415 4552 τοῖς
438 4483 552 4563 πίρασι
581 4491 644 4554 τοῖς
673 4475 722 4546 ὑπ’
741 4473 853 4568 Ιαύτιίν
880 4476 1030 4556 Λατίνοις
1056 4476 1106 4544 ἀεί
1126 4481 1292 4578 κηρύττειν
1317 4477 1353 4546 ού
1376 4485 1514 4552 παύεται;

257 4609 321 4672 πῶς
346 4601 399 4686 την
424 4601 559 4689 ἔμφυτον
584 4603 724 4669 ἔκπαλαι
748 4605 920 4689 δαιμονικη
946 4601 1087 4688 ἑπιρροίη
1110 4613 1174 4676 τοῖς
1195 4614 1250 4690 τῆς
1265 4602 1389 4692 Ῥῶμης
1411 4605 1514 4692 ἀρχιε-

259 4731 346 4807 ρεῦσι
368 4729 452 4790 κατὰ
475 4736 534 4791 τῶν
556 4726 719 4815 Ῥωμαίων
744 4730 873 4804 κακίαν,
897 4725 934 4812 ἢν
958 4723 1017 4790 ούκ
1038 4723 1141 4806 δλίγοι
1164 4727 1299 4814 μεγάλοι
1318 4726 1514 4817 πνευματικοί
