3132 5268
240 371 304 436 202

238 565 291 630 ἵνα
316 565 416 654 ἔχωσι
452 573 570 654 σάλβον
604 574 797 638 κυνδοῦκτον
826 575 941 662 πλῆρες
970 579 1024 640 καί
1051 576 1196 664 διηνεκὲς
1225 575 1255 640 οί
1279 574 1346 640 ἐκεῖ
1375 575 1498 641 έλευοό-

239 712 328 777 μενοι
361 702 600 783 πραγματευταί
637 697 694 764 καὶ
731 701 855 764 πολῖται
892 697 995 766 αότῦν
1029 699 1091 766 ἀπό
1124 703 1242 774 παντός
1277 705 1500 787 συμπτώματος

238 827 402 902 καιρικυῦ,
437 821 518 908 πλὴν
541 826 651 910 μάχης
684 826 867 911 καθολικης
895 823 916 913 ἢ
940 827 1062 912 βλάβης
1090 827 1187 900 τινός,
1218 823 1273 890 έάν
1300 847 1377 890 ποτε
1401 828 1500 910 συμβῇ

238 945 390 1020 γενέσθαι
425 947 540 1031 μεταξύ
574 943 663 1034 ἡμῶν
698 953 754 1013 καί
787 959 843 1035 τῆς
877 949 1045 1036 εἰρημένης
1078 953 1272 1036 κοινότητος.
1304 947 1324 1038 ἡ
1359 951 1499 1034 βασιλεία

238 1087 297 1150 μου
326 1063 464 1153 εόμενιῦς
494 1079 593 1134 ταῦτα
620 1075 722 1137 πάντα
743 1073 981 1160 προσδεξαμένη
1010 1079 1066 1140 καί
1101 1073 1306 1149 έπινεόσασα,
1342 1078 1395 1140 τόν
1422 1095 1499 1159 παρ-

237 1193 313 1255 όντα
352 1194 590 1278 χροσόβουλλον
624 1196 720 1276 λόγον
755 1192 860 1272 αότοῑς
900 1199 1086 1286 έπιχυρηγεῑ
1121 1203 1178 1263 καί
1213 1197 1428 1284 έπιβραβεόει,
1461 1195 1499 1262 δι’

236 1311 273 1380 οό
297 1311 435 1395 εόδσκεῐ,
463 1324 670 1406 προστάσσει,
700 1321 844 1396 θεσπίζει
872 1327 927 1387 καί
957 1323 1143 1410 διορίζεται,
1170 1321 1224 1388 ἵνα
1246 1320 1267 1410 ἡ
1290 1327 1498 1408 προειρημένη

234 1441 408 1528 περιφανὴς
436 1447 584 1530 κοινότης
618 1453 673 1532 τῆς
700 1443 904 1532 Φλωρεντίας
939 1445 1000 1512 ἀπό
1036 1455 1091 1511 τοῦ
1124 1457 1178 1512 νῦν
1204 1450 1261 1510 καί
1296 1445 1341 1520 είς
1374 1443 1499 1531 τόέξης

236 1563 298 1650 ἔχη
328 1563 439 1630 ἄδειαν
472 1567 525 1633 διὰ
553 1579 612 1633 τιῦν
640 1569 776 1636 πολιτῶν
810 1575 867 1636 καί
894 1567 1042 1658 όπηκόοιν
1078 1567 1180 1638 αὐτῶν
1208 1579 1268 1634 τῶν
1296 1571 1330 1635 έν
1360 1581 1400 1656 τη
1423 1571 1498 1634 θευ-

234 1691 397 1775 ρρουρίγτιρ
420 1691 510 1756 πόλει
533 1701 589 1778 της
614 1695 780 1777 βασιλείας
804 1717 878 1779 μου,
907 1706 945 1782 τη
968 1693 1311 1770 Κωνσταντινουπόλει,
1343 1691 1498 1780 ἐσομένων

233 1816 379 1897 χρῆσθαι
414 1819 469 1880 καί
502 1819 661 1902 νέμεσθαι
697 1819 750 1883 τόν
785 1816 869 1905 ίεράν
903 1821 980 1884 ναόν
1014 1827 1069 1884 τοῦ
1105 1823 1265 1904 μακαρίου
1293 1817 1416 1902 Πέτρου
1446 1826 1498 1881 τοῦ

234 1933 423 2017 ἀποστόλου,
448 1939 483 2014 ὃς
507 1938 546 2028 ἠν
568 1964 644 2007 ποτε
668 1953 728 2008 τῶν
755 1941 929 2022 Πιοσαίων,
953 1944 1067 2030 κυρίως
1091 1947 1146 2008 καί
1169 1945 1379 2021 δεσποτικῶς,
1404 1944 1496 2030 έχον-

233 2085 282 2135 τες
306 2061 416 2129 ἀδειαν
442 2061 595 2133 ἀνανεοῦν
619 2064 713 2133 αἰτόν
737 2073 792 2134 καί
816 2067 995 2143 ἀνακτίζειν
1023 2071 1108 2133 κατὰ
1132 2069 1186 2154 την
1212 2064 1313 2132 αι’)τῦν
1338 2069 1496 2154 βούλησιν,

233 2195 413 2277 σωζομένου
434 2197 541 2280 μέντοι
563 2197 619 2258 καί
643 2193 879 2280 φυλαττομένου
903 2201 957 2257 τοῦ
980 2196 1105 2278 πρώτου
1129 2189 1225 2258 αὐτοῦ
1250 2197 1429 2278 σχήματος.
1455 2191 1498 2256 ἔτι

229 2311 281 2378 ίνα
306 2315 407 2401 ἔχωσι
430 2317 484 2403 τήν
508 2317 640 2392 λόντζαν
670 2319 725 2404 τὴν
750 2321 922 2404 γενομένην
945 2322 1021 2382 ποτέ
1044 2327 1105 2382 τῶν
1132 2317 1304 2404 εἰρημένων
1327 2316 1497 2392 Πισσαίων,

232 2436 263 2501 ἐν
288 2438 310 2526 ῄ
332 2437 512 2527 όρείλουσιν
548 2439 676 2506 ἀνιστᾶν
711 2441 882 2530 φλάμουλα
910 2442 982 2518 δόο,
1018 2451 1139 2526 πρῶτον
1168 2444 1225 2526 μέν
1256 2451 1311 2526 της
1336 2441 1497 2523 βασιλείας

232 2583 301 2648 μου,
326 2562 394 2627 εἶτα
417 2574 472 2651 τῆς
495 2563 663 2652 εἰρημένης
685 2573 871 2654 περιφανοῦς
894 2567 1092 2652 κοινότητος,
1121 2569 1178 2629 καί
1202 2563 1301 2650 ἔχωσι
1325 2568 1381 2650 καί
1404 2565 1495 2628 κοόν·

232 2689 360 2767 σουλον,
396 2689 431 2755 ὃν
460 2687 497 2754 ἂν
532 2687 704 2777 έκλέγηται
737 2695 792 2755 καί
824 2689 934 2776 πέμπη
963 2685 1009 2754 ἐπ’
1045 2686 1151 2765 αότοίς
1178 2686 1199 2776 ἡ
1228 2689 1378 2776 εἰρημένη
1410 2711 1494 2775 περι-

232 2813 332 2899 ρανὴς
367 2821 513 2900 κοινότης
552 2811 628 2879 ὄντα
667 2809 853 2900 αάτόχθυνα
888 2811 1103 2898 Φλωρεντῑνον
1137 2817 1193 2878 καί
1233 2812 1352 2900 ἔχοντα
1390 2811 1495 2877 ἄδειαν

231 2941 346 3022 κρίνειν
380 2941 436 3002 καί
469 2935 706 3026 ἀποφαίνεσθαι
739 2943 825 3003 κατὰ
859 2941 912 3002 τόν
947 2939 1042 3002 τόπον
1077 2947 1136 3002 των
1166 2935 1270 3002 ἀλλων
1301 2939 1499 3002 κουνσοόλων

231 3071 290 3124 τῶν
315 3057 348 3124 έν
371 3073 410 3149 τῇ
434 3059 585 3150 εἰρημένη
608 3063 700 3127 πόλει
723 3071 779 3149 της
803 3061 969 3146 βασιλείας
994 3069 1070 3146 μοι’),
1096 3071 1134 3148 τῇ
1157 3059 1496 3136 Κωνσταντινυυπόλει,

230 3189 286 3248 καί
310 3187 434 3250 τιθέναι
458 3185 503 3260 εἰς
526 3187 671 3276 φυλακὴν
693 3185 793 3266 ἰδίαν,
826 3183 861 3250 δν
886 3182 924 3250 ἀν
949 3182 1010 3250 ἀπὸ
1034 3193 1089 3249 τοῦ
1113 3189 1225 3264 γένους
1249 3180 1351 3250 αὐτῶν
1380 3185 1497 3250 θέλωσι

230 3311 404 3390 παιδεύειν,
440 3305 550 3398 ἥντινα
577 3312 721 3398 φυλακὴν
750 3305 839 3374 αότοί
867 3308 1118 3396 οἰκοδομήσουσι
1149 3311 1301 3388 σόνεγγυς
1330 3319 1385 3395 τῆς
1412 3309 1495 3395 εἰρη-

231 3437 326 3520 μένης
353 3435 486 3508 λόντζας
518 3427 629 3498 αότιῦν.
658 3437 713 3498 καί
741 3431 796 3497 έοίν
824 3455 899 3498 ποτε
931 3433 1036 3520 συμβῇ
1068 3429 1242 3498 ἀποθανεῖν
1272 3435 1325 3496 τόν
1356 3442 1494 3498 τοιοῦτον

229 3557 433 3636 κυόνσουλον,
458 3557 576 3644 έχωσιν
600 3555 646 3623 ἐπ’
671 3552 781 3630 ἀδείας
805 3555 835 3620 οἱ
858 3555 1018 3643 εἰρημένοι
1042 3561 1280 3643 πραγματευταί
1304 3556 1495 3638 ἐκλέγεσθαι

229 3687 284 3748 καί
309 3679 533 3748 ἀποκαθιστᾶν
564 3681 621 3748 ἕνα
645 3679 683 3748 ἐκ
707 3688 806 3768 μέσου
830 3677 945 3758 αὐτῶν,
977 3679 1038 3754 έως
1062 3677 1100 3745 ἀν
1125 3684 1279 3766 μαθοῦσα
1302 3679 1322 3769 ἡ
1346 3703 1493 3769 προειρη-

229 3812 308 3896 μένη
331 3811 503 3896 περιφανὴς
526 3813 672 3898 κοινότης
701 3805 802 3872 αὐτῶν
830 3810 1001 3893 ποιήσηται
1035 3803 1151 3891 έτερυν.
1184 3805 1230 3871 έτι
1263 3805 1316 3871 ίνα
1349 3805 1411 3872 ἀπό
1444 3815 1493 3871 τοῦ

229 3935 388 4020 συνήθους
411 3935 467 3998 καί
490 3937 713 4019 νενομισμένου
737 3933 878 4018 μεγάλου
901 3935 957 3995 καί
980 3931 1163 3995 καθολικοῦ
1187 3937 1386 4017 κομμερκίου
1411 3932 1493 4019 έχω-

228 4079 276 4122 σιν
301 4052 483 4144 εὐεργεσίαν
507 4059 562 4122 καί
585 4057 705 4142 δωρεάν
730 4056 786 4120 δόο
811 4053 855 4129 είς
879 4057 919 4120 τὰ
942 4051 1071 4136 ἑκατάν,
1107 4059 1214 4118 καίτοι
1244 4075 1280 4134 γε
1308 4055 1493 4143 δυσχερείας

228 4177 264 4246 οὐ
290 4191 406 4268 μικράς
431 4179 563 4266 ένοόσης
587 4179 628 4264 τῷ
653 4173 815 4264 πράγματι
838 4179 892 4243 διὰ
915 4179 970 4262 τήν
994 4181 1162 4264 γινομένην
1193 4174 1339 4243 ἐντεῦθεν
1368 4185 1492 4266 μείωσιν

229 4305 260 4372 έν
289 4320 351 4380 τοῖς
387 4307 564 4390 βασιλικοῖς
599 4303 817 4390 εἰσοδήμαοιν·
847 4297 884 4367 οὐ
913 4305 973 4387 γὰρ
1009 4301 1105 4367 εἴωθε
1141 4305 1181 4368 τά
1215 4311 1346 4368 τοιαῦτα
1380 4300 1493 4390 ῥαδίως

226 4433 507 4516 παραχωρείσθαι,
543 4425 614 4492 ἀλλ’
638 4425 692 4492 οὖν
715 4423 768 4492 ἵνα
791 4425 852 4492 κάν
876 4429 975 4511 τούτῳ
998 4423 1041 4500 ὣς
1064 4423 1126 4491 κάν
1149 4437 1212 4500 τοίς
1237 4425 1348 4502 ἄλλοις
1369 4424 1391 4514 ἡ
1415 4450 1491 4514 προ-

229 4557 377 4640 ειρημένη
407 4554 649 4639 μεγαλοπρεπὴς
680 4561 735 4638 τῆς
759 4550 963 4637 Φλωρεντίας
989 4553 1136 4638 κοινότης
1159 4549 1243 4638 σίδη,
1266 4553 1365 4617 πόσον
1389 4549 1410 4640 ἡ
1436 4555 1489 4636 βα-

228 4677 331 4744 σιλεία
360 4699 420 4764 μου
448 4689 515 4750 ταῖς
544 4675 705 4763 αἰτήσεσιν
734 4671 832 4761 αὐτῆς
855 4678 940 4738 κατά
963 4697 997 4738 τε
1021 4677 1055 4739 τό
1080 4673 1240 4761 ἐγχωροῦν
1268 4674 1491 4764 ίκανυποιῆσαι

228 4809 327 4898 ζητεῖ,
361 4815 466 4872 πᾶσαν
503 4801 603 4890 ἀλλην
630 4809 803 4888 παρυριῦσα
835 4799 1023 4888 δυσχέρειαν
1056 4804 1112 4868 καί
1140 4803 1255 4894 ταύτην
1283 4803 1340 4894 την
1371 4804 1488 4895 δωρεάν
