3182 5264
259 343 302 407 34

257 557 372 621 σομαι,
397 547 570 625 συμφωνῶν
593 542 751 624 προσώπῳ
780 549 840 603 τῶν
861 539 1033 605 Γενουῐτιῖιν
1058 541 1137 625 μετὰ
1161 547 1217 604 τού
1241 535 1444 626 ὑψηλοτάτου
1470 537 1537 618 βα-

257 661 370 733 σιλέως
398 658 562 747 Ῥωμαίων
591 670 646 726 πού
673 667 966 752 πορρυρογεννήτου
993 673 1052 748 κύρ
1080 662 1232 748 Μανουήλ
1261 670 1316 726 τοῦ
1344 661 1536 746 Κομνηνοῦ,

254 787 400 873 στερχθῃ
430 795 522 851 τούτο
550 786 607 851 καὶ
634 784 706 872 παρ’
736 784 852 864 αὐτῶν,
882 789 936 875 τήν
965 797 1129 874 παροῦσαν
1158 791 1339 872 συμφωνίαν
1367 797 1448 850 ποιιύ
1474 788 1538 848 καὶ

257 908 401 996 έπομνύω
431 909 493 975 ἀπό
519 912 686 998 θελήσεως
709 915 833 978 πάντων
860 923 920 976 τῶν
943 911 1113 977 Γενοοῐτῶν
1141 915 1219 997 πρός
1248 915 1300 976 τόν
1329 914 1437 996 κύριον
1468 912 1536 994 βα-

255 1037 347 1099 σιλέα
371 1037 424 1100 τόν
446 1041 739 1124 πορρυρογέννητον
763 1045 823 1122 κύρ
848 1035 1000 1124 Μανουήλ
1023 1041 1080 1102 καί
1102 1040 1179 1122 πρὸς
1201 1040 1323 1110 πάντας
1348 1037 1421 1107 τούς
1445 1036 1536 1120 κλη-

254 1164 408 1247 ρονόμους
437 1166 493 1225 καί
522 1162 697 1248 διαδόχους
726 1171 780 1250 τής
809 1164 975 1246 βασιλείας
1003 1159 1100 1226 αύτού
1128 1163 1201 1234 τούς
1232 1163 1407 1247 μέλλοντας
1431 1151 1533 1243 βασιὲ

254 1285 357 1348 λεύειν
381 1289 436 1348 καὶ
461 1285 516 1371 τήν
540 1283 728 1371 Ῥωμανίαν,
753 1287 867 1358 καθὼς
894 1286 1131 1372 δηλωθήσεται·
1157 1281 1204 1348 ότι
1228 1283 1291 1350 ἀπὸ
1315 1293 1371 1348 τοῦ
1395 1294 1450 1348 νύν
1474 1287 1538 1347 καὶ

256 1409 301 1482 εἰς
325 1412 361 1474 τό
389 1410 538 1495 διηνεκὲς
574 1405 724 1474 ούδέποτε
759 1408 811 1474 ἰ’να
846 1413 998 1489 γένωνται
1021 1408 1050 1472 οἱ
1074 1407 1236 1474 Γενουΐται
1265 1407 1298 1472 έν
1323 1407 1470 1495 βουλήή
1501 1407 1535 1471 έν

255 1533 338 1619 ἔργῳ
362 1531 403 1596 δι’
425 1531 545 1596 ἑαυτῶν
567 1531 588 1620 ή
612 1530 651 1597 δι’
676 1531 788 1618 ἑτέρων
812 1543 915 1610 τινῶν,
939 1530 959 1619 ή
985 1537 1065 1618 μετὰ
1086 1531 1283 1618 έστεμμένων
1308 1532 1369 1596 εἴτε
1398 1535 1456 1595 καὶ
1488 1535 1535 1623 μή

254 1655 413 1732 τοιούτων,
436 1653 490 1719 ἵνα
513 1653 530 1720 ό
554 1658 662 1741 κύριος
687 1656 836 1740 βασιλεύς
859 1654 878 1743 ή
903 1654 933 1720 οἱ
956 1657 1151 1742 κληρονόμοι
1175 1653 1273 1720 αὐτοῦ
1296 1661 1353 1720 καὶ
1376 1656 1536 1741 διάδοχοι

254 1776 436 1843 ἀπολέσωσι
460 1783 568 1866 χώραν
592 1777 612 1866 ή
637 1781 740 1866 τιμήν,
766 1777 818 1868 ἀφ’
835 1777 878 1844 ὧν
895 1778 966 1865 ἔχει
987 1783 1124 1866 σήμερον
1147 1777 1167 1866 ἢ
1192 1777 1234 1844 ὧν
1259 1779 1369 1865 μέλλει
1393 1777 1531 1866 ἐπικτή-

254 1905 389 1986 σασθαι,
426 1903 500 1968 ἄνευ
524 1913 579 1968 τού
604 1901 620 1968 ύ
644 1927 673 1969 τι
697 1902 752 1970 ἐὰν
787 1907 936 1992 κρατήσῃ
959 1903 996 1968 ὲκ
1024 1914 1084 1968 τῶν
1111 1915 1221 1990 χωρῶν
1245 1915 1301 1992 τής
1325 1905 1456 1991 Συρίας,
1493 1906 1533 1978 ἃς

254 2026 375 2114 έχομεν
397 2027 418 2114 ή
441 2037 620 2114 κρατοῦμεν
648 2025 669 2115 ἢ
694 2026 728 2094 έν
752 2025 802 2101 αἶς
827 2027 945 2114 ἔχομεν
974 2029 1099 2093 δίκαιον
1129 2027 1189 2092 εἴτε
1218 2029 1272 2092 διὰ
1296 2029 1441 2116 πολέμου
1466 2029 1535 2093 εἴτε

251 2152 306 2214 διὰ
328 2151 567 2236 προσελεύσεως
590 2149 611 2236 ή
634 2152 688 2214 διὰ
713 2155 911 2237 χαρίσματος
934 2149 955 2237 ή
976 2151 1029 2214 διὰ
1055 2149 1177 2236 ἀγορᾶς
1199 2149 1220 2237 ή
1244 2149 1284 2214 δι’
1309 2149 1534 2239 ἀνταλλαγῆς,

251 2273 290 2359 ἣν
314 2272 519 2360 ἐποιήσαμεν,
544 2277 652 2360 χώραν
676 2272 744 2338 ἀντὶ
775 2278 884 2360 χιύρας
907 2275 1070 2357 λαβόντες.
1098 2278 1154 2338 καί
1183 2273 1323 2338 ἐόντων
1351 2273 1534 2340 Γενουῐτῶν

253 2407 314 2462 τῶν
338 2395 435 2464 ὄντων
459 2396 491 2461 ἐν
514 2410 581 2471 ταῖς
605 2402 726 2485 χώραις
749 2407 804 2463 τού
834 2400 991 2482 βασιλέως
1019 2403 1065 2471 τίς
1091 2397 1111 2485 ή
1136 2403 1216 2472 τινὲς
1245 2397 1410 2485 ἄνθρωποι
1440 2401 1535 2466 οἱου-

252 2524 378 2610 δήτινος
402 2527 512 2602 γένους
534 2520 605 2586 κατ’
631 2523 759 2588 ἐκείνων
783 2521 964 2610 ὁρμήσωσιν
988 2521 1008 2609 ἢ
1031 2525 1087 2587 καὶ
1109 2525 1365 2610 παρακαθισμόν
1384 2536 1535 2602 ποιῶσιν,

159 2705 160 2714 ,
253 2646 282 2712 οἱ
306 2644 489 2733 εύμεθέντες
513 2644 616 2712 ἐκεῖσε
640 2644 802 2712 Γενουίται
827 2651 906 2733 μετὰ
929 2647 1034 2732 καλῆς
1057 2651 1192 2720 πίστεως
1219 2652 1275 2711 καί
1303 2652 1402 2735 χωρίς
1431 2649 1537 2716 δόλου

251 2769 305 2836 ἵνα
328 2773 540 2859 δερενδεύωσι
566 2776 622 2836 καί
650 2775 813 2859 τηρήσωσι
841 2775 898 2845 τὰς
927 2771 1076 2842 τοιαύτας
1110 2775 1218 2857 χώρας
1245 2775 1324 2858 πρός
1351 2775 1445 2861 τιμήν
1477 2786 1537 2841 τοῦ

252 2899 363 2980 κυρίου
392 2897 547 2979 βασιλέως
574 2903 673 2979 κυρού
697 2893 851 2982 Μανουήλ
878 2898 934 2958 καὶ
963 2904 1024 2957 τῶν
1048 2895 1254 2982 κληρονόμων
1285 2895 1342 2961 καὶ
1365 2897 1536 2984 διαδόχων

256 3015 362 3084 αύτού.
387 3024 442 3084 καί
470 3018 526 3084 έάν
553 3041 601 3092 τις
629 3016 797 3105 Γενουΐτης
824 3021 944 3104 ποιήσῃ
971 3029 1114 3104 πταῖσμα
1142 3029 1181 3106 πή
1211 3021 1360 3104 βασιλεία
1384 3018 1487 3088 αότοῦ
1514 3024 1535 3111 ἢ

254 3151 317 3216 τοῖς
342 3141 522 3230 ἀνθρώποις
544 3153 600 3231 τής
624 3144 792 3227 βασιλείας
819 3138 931 3218 αὐτοῦ,
957 3140 986 3204 οί
1010 3143 1179 3206 κόνοουλοι
1203 3151 1258 3228 τῆς
1283 3141 1422 3217 Γενυύας
1448 3151 1536 3232 μετὰ

138 3283 145 3312 ÷
254 3269 358 3355 καλής
384 3273 517 3342 πίστεως
545 3267 597 3332 ἵνα
622 3268 723 3354 ἔχωσι
746 3271 844 3353 χρέος
871 3275 1016 3353 ποιήσαι,
1031 3267 1154 3330 δίκαιον
1183 3271 1263 3352 μετὰ
1287 3271 1322 3332 τό
1347 3270 1457 3353 λαβεῖν
1487 3273 1535 3336 ε’ί-

253 3393 346 3478 δησιν
374 3395 460 3478 παρὰ
489 3400 544 3456 τοῦ
568 3396 677 3478 κυρίου
702 3391 868 3474 βασιλέως.
900 3387 1052 3462 ὡσαύτως
1080 3387 1198 3475 όμνύω,
1223 3389 1266 3463 ὡς
1289 3389 1342 3456 ἵνα
1367 3394 1534 3482 διαφυλά-

254 3516 347 3590 ξωσιν
382 3512 412 3578 οἱ
439 3512 601 3579 Γενουΐται
636 3515 709 3588 τούς
744 3513 1003 3599 ἀπυκρισιαρίους
1031 3522 1085 3576 τοῦ
1121 3514 1277 3595 βασιλέως
1313 3513 1346 3581 έν
1373 3521 1464 3605 παίσῃ
1496 3532 1535 3606 τή

254 3641 465 3726 διακρατήσει
498 3636 597 3726 ήμῶν,
633 3645 690 3705 καί
714 3640 770 3703 έόν
806 3659 882 3704 ποτε
918 3639 1032 3710 στόλος
1067 3635 1182 3702 ἑκατόν
1216 3644 1380 3726 κατέργων
1416 3641 1438 3730 ή
1476 3651 1536 3709 καί

254 3761 405 3826 πλειόνων
429 3761 556 3851 ὁρμήσῃ
579 3768 664 3829 κατὰ
688 3774 748 3827 τῶν
772 3772 883 3848 χωρῶν
911 3769 966 3826 τού
999 3761 1168 3844 βασιλέως,
1204 3759 1256 3826 ἵνα
1284 3763 1314 3828 οἱ
1343 3761 1535 3851 εύρεθέντες

255 3883 417 3950 Γενουΐται
445 3883 477 3950 έν
505 3899 572 3962 ταῖς
601 3891 722 3973 χώραις
751 3893 806 3949 τού
838 3885 994 3968 βασιλέως
1024 3883 1213 3951 εἰσέλθωσιν
1242 3885 1287 3960 είς
1315 3891 1353 3953 τὰ
1385 3893 1535 3977 κότεργα

256 4018 310 4074 τοῦ
339 4010 495 4093 βασιλέως
523 4013 603 4095 μετὰ
632 4005 732 4094 βόγας
754 4019 812 4095 τής
836 4011 985 4096 συνήθως
1015 4019 1079 4081 τοῖς
1110 4007 1260 4084 Λατίνοις
1288 4012 1534 4103 δοθησομένης,

255 4139 311 4198 καί
336 4133 502 4200 ἀπέλθωσι
522 4122 607 4198 κατὰ
630 4144 686 4198 τού
702 4133 845 4196 τοιούτου
867 4135 984 4198 στόλου
1008 4131 1052 4205 εἰς
1077 4131 1276 4220 ἐκπλήρωσιν
1300 4147 1356 4224 τής
1379 4141 1536 4228 τοιαύτης

255 4259 405 4331 δουλείας
429 4257 504 4324 ἄνευ
528 4259 704 4343 ἀνθρώπων
728 4257 828 4322 εἴκοσι
854 4267 914 4320 τῶν
940 4255 1119 4340 μελλόντων
1148 4254 1422 4349 ένριπολειρθήναι
1451 4269 1535 4351 πρός

257 4383 400 4472 φυλακήν
438 4393 498 4450 των
532 4384 649 4448 πλοίων
684 4377 795 4446 αύτιῖιν.
825 4390 924 4446 ταῦτα
947 4383 1060 4457 πάντα,
1097 4381 1117 4444 ἃ
1148 4387 1296 4470 περιέχει
1329 4384 1349 4474 ή
1381 4400 1535 4476 παροῦσα

258 4509 378 4596 γραφή,
404 4505 458 4571 ἵνα
492 4505 652 4593 όμόσωσιν
680 4503 709 4568 οἱ
738 4505 907 4570 κόνοουλοι
941 4505 1055 4576 πάντες
1083 4514 1138 4591 τῆς
1166 4501 1305 4582 Γενυύας
1336 4512 1537 4602 διατηρῆσαι

255 4633 311 4696 καί
340 4630 369 4696 δ’
385 4633 464 4704 λαός
498 4630 636 4704 Γενούας
670 4629 724 4694 διὰ
753 4639 808 4693 τού
843 4626 1090 4714 ἑκατοντάρχου.
1127 4633 1183 4692 καί
1214 4628 1257 4705 ὡς
1288 4630 1395 4719 δμνύω
1430 4647 1537 4704 ταῦτα

256 4759 352 4846 χωρίς
379 4759 475 4822 δόλου
505 4761 562 4821 καί
588 4758 764 4842 περινοίας,
794 4749 892 4826 ούτως
919 4751 972 4817 ἵνα
1001 4757 1054 4838 μοί
1084 4754 1194 4842 βοηθῃ
1218 4751 1235 4818 δ
1259 4757 1348 4830 θεός.
1374 4758 1392 4827 ό
1416 4761 1451 4824 δὲ
1483 4761 1539 4828 ἐπὶ
