3114 5264
199 353 264 418 294

199 546 237 634 ἣν
273 544 399 640 ἔχωμεν
435 542 596 632 ἀναμέσον
631 567 705 632 μσς.
739 543 786 610 ἔτι
817 547 858 610 νά
891 541 1029 632 ἐχνορίοι
1061 539 1082 632 ἡ
1112 541 1383 630 έαλαμπρότισοο,
1422 537 1481 606 ὅτε

198 669 301 758 ἦλθον
318 667 335 736 δ
353 667 596 756 ἀποιιρισιάριον
613 690 674 743 σας
698 667 741 744 τίς
765 670 820 756 την
843 668 970 756 Πόρταν
993 678 1049 757 τῆς
1073 663 1247 742 σόθιντίας
1270 689 1340 754 μου,
1365 665 1481 767 {mtt-

200 814 266 873 σιν,
290 790 339 858 ὅτι
366 791 412 867 τίς
440 795 475 858 τό
499 791 672 878 Σαοόταριν
699 795 739 857 νὰ
767 791 893 880 ἔχωμεν
927 802 988 857 τών
1021 793 1173 878 ποταμών
1206 799 1263 878 τῆς
1295 789 1483 870 Μπωχιάνα

200 919 340 1004 σόνορον,
365 917 473 990 καθώς
492 913 569 1002 ἤτσν
585 919 642 980 καί
664 917 780 1000 πρότα,
805 919 863 980 καί
887 913 931 990 τίς
955 924 1047 980 τοῦτο
1072 911 1308 1000 ἀπιλογίθιμτν,
1332 909 1381 976 ότι
1404 911 1482 996 έμίς

201 1041 262 1128 πρδ
290 1049 345 1106 τοῦ
371 1043 410 1105 νὰ
438 1040 580 1125 λυίβομτν
608 1041 644 1102 τό
673 1041 811 1124 ασίστρον
839 1047 894 1104 τοῦ
922 1037 1099 1123 Σιιοόταριν
1123 1035 1185 1102 ἀπό
1209 1038 1264 1124 την
1289 1034 1481 1122 ἔνλαμπρό-

200 1167 270 1230 τιτώ
298 1187 371 1242 σας,
405 1161 534 1250 ἥχαμιν
558 1161 689 1228 δουλόσι
723 1163 776 1226 τόν
800 1164 902 1228 τόπων
938 1159 1089 1248 ἀντίπερα
1117 1171 1172 1249 της
1202 1159 1391 1241 Μποχιιίνας
1421 1157 1482 1233 ἕος

200 1287 256 1375 τήν
283 1287 451 1364 θοίλασαν,
487 1281 594 1351 ὅντινα
628 1289 730 1350 τόπων
759 1285 1003 1372 ἔπαριλοίβαμιν
1036 1288 1093 1350 ναί
1124 1292 1303 1371 κρατοῦμεν
1331 1303 1384 1348 τον
1411 1281 1481 1356 ἕως

200 1411 256 1498 την
281 1413 431 1498 σήμερον,
455 1412 512 1474 παὶ
542 1405 693 1475 οὐδέποτε
717 1405 853 1496 ἤπαμιν,
879 1403 954 1474 οόδέ
977 1405 1103 1495 ἤχαμεν
1131 1405 1235 1495 ἥδισιν
1262 1411 1302 1472 νά
1330 1405 1485 1492 ἐπιστρέ-

200 1537 301 1621 ψομτν
324 1537 449 1606 τίπυτις
472 1528 525 1597 ἀπ’
549 1525 656 1596 αὐτόν·
680 1529 718 1596 ἀν
741 1527 820 1619 δέή
848 1529 911 1619 όίλη
936 1552 996 1604 σας
1023 1533 1127 1610 τόποι,
1157 1529 1213 1605 οὓς
1241 1530 1334 1618 ἔχεαι
1363 1527 1409 1603 τίς
1438 1531 1480 1594 τό

201 1656 397 1737 παταχιαλδ,
424 1654 523 1743 ἤγουν
550 1657 586 1720 τό
614 1653 793 1740 Ἀνιίβαριν
820 1659 877 1720 ιιαί
905 1656 940 1718 τό
969 1648 1155 1742 Οὐλιιώνηυν
1183 1651 1241 1720 ιιαὶ
1264 1656 1299 1720 τό
1322 1651 1481 1740 Κόταρσν

201 1783 259 1846 ναί
281 1783 321 1844 τὰ
343 1780 431 1868 ληπόι
454 1779 680 1866 χρηαστσόσην
696 1779 839 1863 σώνορον,
863 1778 1003 1864 θέλομεν
1019 1774 1103 1862 δρίσι
1126 1779 1179 1843 τόν
1203 1775 1312 1865 ίμίνην
1336 1799 1411 1864 μσς,
1436 1779 1482 1841 νά

200 1905 323 1990 πιησυι,
347 1898 423 1967 ὅσον
446 1902 531 1988 θέλη
554 1901 590 1965 τό
614 1899 748 1980 δίκαιον,
770 1899 815 1974 τίς
839 1898 1015 1968 ἀνάπαυσιν
1038 1911 1099 1964 τών
1123 1897 1300 1986 ἀνθρώπων
1324 1921 1393 1974 σας.
1421 1893 1482 1963 σώ-

200 2039 256 2101 Ιτος
285 2021 519 2112 ἀσυνστόχαμτν
543 2027 624 2111 μετὰ
647 2026 700 2089 τόν
724 2021 963 2111 ἀπσαρισίαριόν
987 2046 1048 2098 σας
1070 2025 1126 2088 καί
1153 2021 1325 2110 έστέρχθη.
1354 2031 1411 2109 νην
1439 2021 1481 2086 δέ

200 2144 221 2237 ἡ
250 2146 415 2235 ἅνθρωποι
441 2143 462 2234 ἡ
492 2144 702 2235 τόρισαομένη
731 2146 777 2222 τίς
802 2147 875 2220 τοώς
903 2149 1018 2222 τόπους
1046 2144 1181 2234 ίαηνσυς
1204 2147 1392 2233 ηιρίβουσην
1418 2149 1481 2210 καί

202 2293 272 2338 τινα
291 2276 405 2360 χωρία,
429 2269 515 2360 δπηα
536 2271 586 2336 έντ
603 2269 734 2358 όλόχιρα
758 2269 803 2346 τίς
826 2274 866 2336 τὰ
887 2271 1024 2357 ίρημένα
1047 2274 1184 2357 ιιιίσιρα·
1207 2273 1319 2356 πρέπει
1342 2289 1429 2352 γουν,
1453 2265 1478 2357 ἡ

204 2395 463 2484 όιιλαμπρότισου
489 2393 543 2460 ἵνα
570 2393 701 2482 δρίσιις,
725 2397 832 2460 παθόν
856 2399 969 2482 τρόπον
989 2393 1086 2482 ἥδας,
1108 2397 1188 2482 πρός
1211 2395 1284 2470 τούς
1307 2390 1480 2482 ἠριμένοος

205 2517 410 2606 ἀνθρώπους,
435 2517 490 2584 διά
512 2521 552 2583 νά
575 2522 759 2604 στέργουσιν
782 2522 839 2583 καί
861 2515 960 2606 ἔκη’νη
984 2519 1039 2606 την
1064 2521 1259 2608 συμφονηαν,
1282 2517 1320 2606 ἣν
1344 2517 1481 2585 όστίσα-

206 2663 264 2732 μιν
289 2645 371 2729 μετὰ
399 2651 455 2707 τοῦ
484 2639 727 2728 ἀποαρισιαρίου
755 2663 824 2716 σας·
860 2647 917 2707 τιαί
951 2645 991 2707 ιά
1024 2647 1128 2729 χωρία
1156 2639 1257 2730 ἀνήνα
1284 2645 1324 2708 νά
1351 2641 1403 2706 ἕνα
1432 2642 1483 2718 τίς

206 2768 261 2854 τὴν
290 2764 435 2842 όξουσίαν
463 2761 566 2852 ἡμῶν,
595 2767 703 2838 ιιαθός
731 2767 766 2830 τό
796 2763 966 2852 ἐσιίσαμτν
994 2788 1055 2840 σας
1078 2769 1160 2832 τότε.
1184 2765 1266 2833 διότι
1288 2787 1328 2831 να
1351 2760 1481 2852 εχνορί-

207 2913 289 2973 σιτι,
315 2887 364 2956 ὅτι
392 2883 484 2976 ὄρισα
512 2890 585 2964 τοός
602 2889 763 2974 σπλοίβους
793 2911 854 2976 μου
877 2889 951 2963 τοώς
975 2886 1264 2970 σαντίααπτχίδας,
1294 2889 1368 2963 τοώς
1391 2886 1484 2974 σόρι-

207 3019 383 3101 σιιομένους
400 3013 444 3088 τίς
467 3015 502 3080 τό
527 3017 621 3100 μέρος
646 3013 771 3100 έιιηνον,
797 3009 846 3078 ὅτι
869 3013 941 3088 τοός
965 3017 1079 3088 τόπους
1102 3017 1159 3080 καί
1181 3014 1254 3088 τοός
1279 3011 1484 3102 ἀνθρώπους,

206 3137 311 3226 ἥτινις
334 3133 427 3203 οόδίν
450 3138 602 3203 θέλουσιν
626 3139 738 3224 στέρξη
762 3139 815 3202 τόν
838 3137 934 3218 λόχον
957 3147 1013 3204 τοό
1040 3134 1142 3226 ἐμηνη
1166 3159 1243 3224 μας,
1273 3136 1336 3204 ἀλά
1364 3135 1485 3204 ἀαιθί-

208 3283 317 3330 σουσιν
341 3267 397 3328 ααί
412 3259 543 3351 ἠπουσιν
572 3260 651 3328 όίλον
679 3257 862 3348 τοίποττ,ἡ
892 3259 992 3342 ἀησίπι
1020 3284 1082 3349 μας
1109 3266 1166 3328 ιιαί
1193 3259 1213 3350 ἡ
1243 3263 1328 3350 ιιαλη
1357 3264 1485 3352 φηληα,

209 3391 265 3477 τὴν
300 3389 428 3476 ἔχωμεν
463 3387 624 3474 ἀναμέσον
654 3410 731 3474 μσς,
761 3386 812 3452 ἔνε
835 3390 969 3453 πάντοτε
993 3391 1109 3474 στερεὰ
1132 3391 1188 3453 καί
1212 3387 1379 3467 ἀσάλεοτι,
1416 3385 1488 3454 ἀλὰ

210 3513 345 3600 έαήνους
373 3517 413 3577 νά
447 3513 520 3587 τοώς
554 3517 784 3599 προυσέψυυσιν
812 3516 868 3577 ναί
902 3515 942 3576 νὰ
965 3512 1038 3585 τούς
1073 3512 1283 3600 χαλιίσουσην
1315 3513 1486 3587 παντελός.

211 3639 259 3704 ἔτι
282 3639 540 3726 συνερυνήσαμσν
556 3641 612 3701 καί
629 3635 717 3714 ἀλον,
742 3633 792 3700 ὅτι
808 3639 847 3700 τά
870 3639 984 3721 οισίστρι
1007 3639 1064 3702 ιιαί
1080 3637 1151 3710 τοὺς
1175 3639 1298 3715 τόπους,
1323 3640 1363 3700 τὰ
1386 3633 1488 3723 ἀπαρ-

211 3761 329 3846 έλαβον
353 3755 374 3848 ἡ
399 3754 554 3824 αὐθιντία
577 3781 638 3846 μου
667 3757 710 3832 τίς
737 3759 792 3845 τὴν
815 3757 964 3846 Μωρὲαν,
992 3757 1049 3846 ἤτε
1074 3759 1134 3824 ἀπα
1158 3761 1211 3825 τόν
1235 3761 1403 3837 δεσπόταν,
1426 3757 1489 3846 ἤτε

212 3883 272 3952 ἀπέ
300 3887 356 3972 τὴν
385 3880 556 3950 αὐθεντίαν
580 3907 655 3962 σας,
679 3887 736 3948 καί
770 3884 942 3970 ἐδόθησαν
970 3887 1026 3948 καί
1060 3883 1105 3958 είς
1140 3887 1264 3971 τιμάριν
1297 3887 1376 3970 πρός
1410 3886 1489 3960 τοὺς

212 4007 402 4094 ἀνθρώπους
425 4017 481 4095 τῆς
505 4003 677 4081 αόθτντίας
695 4029 770 4094 μου,
791 4004 923 4094 ἤσττρον
948 4007 983 4072 δέ
1009 4006 1054 4081 τίς
1078 4009 1131 4072 τόν
1155 4011 1269 4094 ααιρδν
1293 4019 1349 4096 της
1373 4012 1489 4097 μόχης

211 4133 317 4221 ποίλην
341 4130 522 4218 έπάρθισαν
546 4135 616 4198 τινὰ
640 4128 672 4207 ἐξ
695 4128 824 4218 ἀκήνον,
847 4128 985 4218 ἥπαμεν,
1009 4127 1057 4196 ὅτι
1081 4138 1120 4197 νά
1144 4129 1364 4220 ἐπιστρέφοντι
1379 4135 1490 4220 πάλην

211 4261 290 4345 πρός
322 4255 408 4343 ἡμᾶς
443 4260 523 4344 μετὰ
559 4259 611 4322 τόν
647 4258 777 4342 συνόρον
813 4249 917 4320 αότόν·
952 4256 1008 4348 νην
1042 4255 1078 4320 δέ
1114 4257 1147 4324 έν
1174 4259 1295 4342 ιιώστρυ
1323 4258 1490 4344 λεηώμτνο

212 4379 348 4448 Ἀσωπώ
376 4376 468 4446 οὐδὲν
498 4379 702 4467 ἀντιστράρη·
730 4380 765 4443 τό
794 4379 902 4466 ληπών
931 4375 1008 4444 αότδ
1037 4381 1072 4445 τό
1100 4383 1222 4468 ιιάστρο
1254 4377 1331 4466 ἤτον
1359 4379 1405 4455 τίς
1430 4381 1489 4467 την

214 4501 360 4581 ἐξουσίαν
375 4501 474 4592 ἡμῶν,
498 4505 554 4570 καί
577 4499 653 4569 ὅταν
676 4499 825 4591 ἠχρσίρην
848 4499 866 4567 ὁ
890 4505 992 4578 τόσως
1016 4501 1147 4592 ἀπηνως,
1166 4501 1308 4592 ἀγρόρην
1327 4508 1384 4568 καί
1408 4499 1490 4570 αὐτὸ

215 4627 260 4702 τίς
284 4631 318 4694 τό
353 4628 556 4716 πατὰστιχων
592 4637 647 4716 τῆς
671 4623 842 4701 αὐθεντίας
877 4646 948 4714 μου·
984 4629 1019 4693 τό
1054 4628 1163 4717 ληπών
1190 4633 1298 4716 πρέπι,
1334 4631 1374 4694 νά
1398 4627 1491 4694 ἀντι-

217 4753 342 4839 στροίφη
365 4752 442 4837 πρὸς
465 4747 565 4838 ἡμᾶς,
588 4753 696 4826 καθώς
723 4751 993 4838 διαλαμβάνουσιν
1023 4755 1061 4817 ιά
1090 4752 1252 4840 αοφοίλαια
1280 4761 1335 4842 της
1360 4750 1492 4840 ἀχάτης
