3114 5264
240 454 305 524 2⁷6

242 653 400 725 δουλικῶς
428 651 484 738 την
508 649 692 740 ἐξιοχότητα
721 651 806 738 ὑμῶν
833 661 1086 740 προσκυνοῦμεν,
1110 651 1170 726 δοες
1199 651 1338 742 ἐδάφους
1368 661 1425 739 τῆς
1457 662 1518 739 τῆς

241 784 504 863 προσκυνοῦντες,
532 778 793 864 παρακαλοῦντες
820 781 877 841 καί
900 778 1046 863 δεόμενοι
1073 785 1128 844 τοῦ
1151 777 1394 862 ταντυδυνάμυυ
1422 777 1516 852 θεοῦ,

242 907 282 969 νά
305 904 439 990 διοτηρη
462 907 498 968 τό
523 902 638 968 ἔνθεον
660 909 718 968 καί
748 903 966 990 χαληνότατον
988 906 1108 988 κράτος
1131 911 1186 989 τῆς
1210 904 1418 990 δικαιοτάτης
1442 901 1516 988 ἐρι-

242 1031 435 1112 οτοκροτίας
463 1024 549 1112 ὑμῶν
578 1026 685 1101 άσινές
713 1025 775 1092 άτό
803 1031 909 1114 πάσης
936 1027 1081 1101 ἐναντίος
1109 1024 1241 1114 ἐτηρίας
1267 1031 1325 1092 καί
1356 1025 1516 1112 ἀνώτερον

242 1149 374 1237 ἀνιαροῦ
397 1155 514 1225 κοντός
538 1155 786 1240 συναντηματυς.

328 1275 373 1344 Τό
403 1281 536 1364 γράμμα
573 1299 648 1364 μσς,
686 1278 882 1365 ἐξωχότατοι
904 1281 961 1342 καί
988 1273 1184 1364 ὑψηλότατυι
1218 1273 1387 1354 αόθίντες,
1423 1275 1516 1352 εἶναι,

242 1402 296 1466 διὰ
319 1405 359 1466 νὰ
382 1399 588 1490 άναρέριομιν
611 1405 689 1489 κρὺς
712 1405 768 1490 την
798 1401 982 1490 ἐξιοχότητά
1006 1424 1066 1476 σας
1090 1405 1147 1476 τὰς
1170 1402 1316 1488 μεγάλας
1339 1401 1515 1488 δυστυχίας

241 1511 296 1588 καί
324 1524 549 1613 αἰχμαλωσίας
577 1531 633 1592 καί
662 1528 830 1614 δημεύσεις
858 1537 917 1592 τῶν
945 1522 1149 1614 ὑπαρχόντων
1183 1523 1272 1614 ἡμῶν
1303 1530 1359 1592 καί
1389 1524 1514 1612 ἐμπρη-

240 1650 340 1736 σμυὺς
367 1661 429 1716 τόν
458 1650 553 1717 οίκοιν
588 1655 645 1716 καί
673 1661 732 1716 τῶν
761 1649 941 1737 ἐκκλησιῶν
976 1648 1079 1738 ἡμῶν,
1116 1649 1194 1716 ὑτοῦ
1224 1650 1330 1731 ἔτινον
1357 1649 1402 1723 εἰς
1426 1646 1515 1736 ἡμᾶς

240 1774 294 1840 διὰ
322 1777 429 1862 χειρὺς
453 1784 509 1841 τσῦ
544 1770 745 1864 ὑψηλοτάτου
772 1775 929 1862 καβαλιέρ
952 1775 1153 1862 Λιμτεράκη.
1190 1771 1280 1862 ἡμεῖς
1309 1773 1338 1839 οἱ
1370 1775 1514 1850 ἐλεεινοί,

241 1897 433 1985 ἐξονχότατοι
461 1895 631 1978 οὑθένται,
668 1899 800 1988 εἴχαμεν
829 1897 890 1972 zm<
923 1909 977 1965 τοῦ
1004 1910 1057 1966 νῦν
1077 1897 1146 1988 (ἀρ’
1182 1894 1219 1964 οὑ
1242 1896 1263 1986 η
1287 1895 1365 1978 ἁγία
1396 1895 1514 1984 Μαῦροι

239 2027 296 2088 καί
319 2020 339 2110 ἡ
363 2022 511 2109 Πρίβεζα
536 2025 708 2112 ἐκυριιόθη
733 2020 792 2090 ὑτὺ
816 2034 872 2112 τῆς
895 2025 1116 2111 γαληνυτάτης
1140 2024 1388 2109 ἀριστοκρατίας
1412 2017 1514 2108 ὑμῶν)

239 2145 321 2213 δέκα
350 2161 431 2234 τρεῖς
458 2153 607 2236 χρόνους,
636 2147 715 2216 ὑετοῦ
733 2154 771 2235 μὲ
796 2151 832 2214 τὸ
860 2153 899 2214 νά
928 2149 1080 2236 εἵμεσθεν
1104 2145 1230 2236 ὃμυρυι,
1256 2145 1514 2236 ἐφοβεριίόμεθα

241 2271 304 2337 ἀπό
328 2282 387 2338 τῶν
417 2271 593 2360 ἀνθράκων
614 2283 668 2360 τῆς
694 2271 791 2360 αὐτῆς
809 2273 969 2364 ἀρεντίας,
993 2279 1031 2339 νά
1056 2273 1394 2360 αἱχμαλιοτισθοῦμιν,
1427 2268 1514 2358 ὅμως

240 2397 373 2484 εἴχαμεν
398 2395 520 2464 εὑνοιοιν
544 2405 600 2464 καί
625 2397 889 2487 ἐφυλαχόμεσθεν
910 2405 994 2465 κατά
1019 2403 1055 2464 τό
1078 2401 1211 2464 δυνατόν
1236 2419 1311 2486 μας,
1336 2402 1392 2462 καί
1421 2395 1514 2482 εἴχα-

240 2543 297 2607 μεν
322 2523 505 2610 ρυλαημένυ
536 2525 572 2590 τὸ
599 2525 732 2611 τμάγμα
761 2547 832 2611 μσς,
857 2528 913 2591 καί
936 2525 989 2588 δέν
1014 2522 1225 2612 ἐβλάφθημεν
1259 2521 1432 2600 παντελῶς,
1458 2525 1515 2586 καί

240 2645 376 2734 εἴχομεν
398 2651 591 2734 προθυμίαν,
616 2651 841 2735 καὶπρότερον
865 2653 904 2714 νά
926 2651 1165 2736 τρυστίουμον,
1187 2651 1244 2712 καί
1268 2650 1307 2712 νά
1329 2649 1518 2733 προσκυνή-

240 2791 347 2856 σομεν
369 2770 419 2846 τίς
447 2768 543 2858 αὐτην
568 2775 622 2860 τὴν
654 2773 875 2862 χαληνυτάτην
899 2769 1086 2850 αὑθεντίαν,
1122 2771 1176 2838 διά
1211 2775 1250 2836 νολ
1284 2770 1516 2857 λυτρυθοῦμεν

241 2892 303 2960 διτδ
332 2897 405 2970 τοὺς
439 2898 571 2986 φόβους,
608 2896 693 2964 ἀλλὰ
722 2897 965 2984 ἐμποδιζόμεθα
995 2895 1054 2964 ὑτὺ
1089 2908 1149 2964 τῶν
1178 2898 1379 2984 κρατοόντιιν
1417 2893 1519 2982 ἡμῶν.

240 3021 330 3108 μόλις
359 3024 394 3087 δέ
423 3027 503 3109 μετὰ
531 3025 603 3098 τοῦς
619 3024 945 3122 δεκατρείςχμόνυυς
971 3021 1132 3112 ἐτηραμεν
1161 3022 1286 3102 ἄδειαν,
1312 3027 1369 3088 καί
1391 3041 1515 3108 τορευ-

238 3148 301 3221 θὺς
323 3151 403 3234 μετὰ
431 3151 612 3236 προθυμίας
641 3151 804 3238 ἐκήχαμεν
834 3149 878 3223 είς
906 3150 961 3236 την
991 3146 1084 3228 άηίαν
1105 3147 1248 3235 Μαῦραν,
1272 3152 1327 3214 καί
1352 3145 1513 3233 ἐτρυσκυ-

239 3275 393 3361 νήσαμεν,
428 3279 485 3342 καί
510 3273 656 3361 ἐχίνημεν
692 3275 842 3362 συόδητυι
876 3283 930 3339 τοῦ
966 3269 1058 3354 άηίυυ
1084 3271 1219 3360 Μάρκου
1247 3275 1300 3338 διὰ
1329 3277 1429 3359 μίσυυ
1459 3281 1514 3338 τοῦ

238 3392 440 3485 ὑψηλοτάτου
456 3397 593 3488 ἀμίκτου
617 3401 773 3486 χενοράλη
797 3397 966 3466 Ἀντωνίου
981 3396 1129 3486 Μολήνη,
1146 3401 1201 3462 καί
1225 3397 1514 3484 ἐσυμβιβάσθημεν
1546 3391 1548 3481 ,’

240 3519 307 3608 μετ’
328 3519 436 3601 αὑτοῦ,
461 3525 727 3612 νάπληριὺνοιμεν
751 3519 821 3589 κατ’
848 3522 917 3598 ἔτος
942 3518 1057 3608 ῥεάλια
1081 3525 1133 3587 τόν
1153 3513 1295 3609 Ιοἰμιθμὺν
1320 3523 1410 3608 χίλια
1434 3543 1510 3587 κτεν-
1545 3543 1546 3565 ι

239 3642 376 3712 τοκόσια
403 3645 473 3734 ἤτοι
505 3652 633 3731 15(00),
657 3653 713 3713 καί
736 3647 888 3722 ἐστυντας
915 3651 954 3712 νά
985 3645 1083 3736 ἦλθεν
1108 3643 1126 3711 ὑ
1149 3647 1242 3732 μισός
1264 3648 1390 3732 καιρός,
1413 3643 1513 3732 ἐπλη-

240 3773 387 3858 μόσαμεν
411 3775 466 3859 ιήν
490 3768 571 3856 ῥάτα
594 3768 683 3859 ἡμῶν
707 3766 821 3856 ρἑλια
843 3770 1018 3840 ἑπτακόσια
1040 3775 1238 3858 πεντήκοντα
1259 3767 1331 3858 ἤτοι
1354 3769 1430 3848 750,
1456 3776 1511 3833 καί
1542 3793 1543 3817 1

239 3894 403 3984 ἐχάρημεν
427 3895 562 3974 ἅπαντες
578 3901 682 3986 χαράν
707 3899 861 3986 μεγάλην,
884 3909 951 3972 τῶς
967 3894 1239 3984 ἠλευθερώθημεν
1265 3894 1327 3961 ὰαό
1351 3903 1407 3960 τσῦ
1431 3898 1510 3961 ιτυλ-

239 4019 298 4084 λοῦ
332 4023 432 4109 φόβου
466 4032 522 4110 τῆς
557 4021 794 4108 αἰχμαλωσίας,
819 4025 874 4086 καί
902 4021 1050 4108 εἵμεσθεν
1087 4020 1264 4107 ἐλεύθεροι.
1290 4021 1440 4108 ἐξαπίνης
1466 4021 1509 4092 δέ,

239 4145 293 4210 δέν
315 4141 485 4234 ἠξεὺρομεν
509 4157 585 4226 πῶς,
610 4143 711 4233 ἦλθεν
735 4144 778 4222 ὑις
802 4149 996 4234 ρθυρυποιὺς
1028 4145 1172 4234 ἀστραπὴ
1197 4143 1419 4234 ὑψηλότατος
1448 4169 1511 4211 κα·

240 4269 350 4355 βαλιέρ
374 4269 599 4357 Διμκεράκης,
623 4273 679 4334 καί
703 4271 833 4358 ἔφθειρε
855 4273 911 4336 καί
934 4267 1086 4358 ἠφάνισεν
1111 4268 1209 4357 ἄρδην
1233 4271 1288 4358 τήν
1308 4269 1430 4357 Ἄρτον
1456 4275 1510 4334 καί
1536 4265 1537 4323 ὑ

239 4395 279 4456 τά
302 4397 405 4481 χιορία
433 4391 530 4482 αότης
552 4395 609 4459 καί
636 4394 709 4468 τοὺς
733 4391 765 4457 ἐν
789 4390 869 4482 αὐτῇ
893 4403 1123 4469 κατοικοῦντας
1144 4395 1362 4482 χριστιανυὺς,
1387 4392 1508 4480 ἅρπαζε

240 4520 279 4582 τὰ
303 4513 486 4604 ὑπάρχοντα
513 4515 617 4606 ἡμῶν,
643 4517 778 4583 ἔκαυσεν
803 4521 841 4582 τὰ
869 4515 1020 4605 δστήτια,
1058 4517 1212 4606 ἐδήμευσε
1240 4523 1279 4584 τὰ
1310 4518 1378 4606 ἱερὰ
1410 4521 1534 4602 σκεὺηί

239 4651 299 4705 τῶν
321 4639 511 4730 ἐκκλησιῶν,
535 4642 666 4730 ἔρριψαν
685 4645 772 4707 κατὰ
795 4653 854 4729 γῆς
877 4646 917 4707 τά
941 4639 1018 4724 ἅγια
1042 4641 1220 4732 ἀρτοφόρια
1238 4647 1320 4732 μετὰ
1342 4652 1398 4708 τοῦ
1424 4649 1509 4732 ίυιη-

239 4767 338 4850 φόρου
362 4765 473 4853 ἄρτου,
510 4766 624 4852 ἔσυραν
648 4779 800 4846 γυναῖκας
823 4770 903 4852 μετὰ
931 4777 991 4832 τῶν
1018 4769 1151 4834 παιδίοιν
1188 4765 1306 4845 αὐτόν,
1340 4767 1509 4856 ἐτράβισαν

240 4891 296 4950 καί
324 4889 481 4976 ἔφθειρον
509 4893 687 4975 καρθίνυυς
712 4893 767 4954 καὶ
791 4889 875 4954 ἄλλα
892 4897 988 4978 μυρία
1012 4897 1099 4960 κακά
1125 4892 1279 4980 ἐποίησαν
1301 4891 1374 4981 ἡμίν
1398 4893 1429 4958 οἱ
1456 4895 1509 4958 ἄν·
