3148 5268
1269 413 1309 480 81

61 609 184 694 σίνηθες
213 611 412 696 κομρέρκιον
442 605 503 675 ἀπὸ
533 618 592 675 τῶν
623 603 839 696 ὲξωνοομίνων
864 603 973 682 αὐτοίς.
996 603 1049 672 ’ίνα
1073 607 1173 696 ἔχωσι
1196 615 1315 696 στατή-

60 755 105 816 ρας
125 731 238 811 ίδίους,
269 735 414 819 μοδίους,
444 737 556 820 μίτρα,
581 735 704 820 λίτρας,
727 737 842 821 πήχεις
866 729 911 807 είς
934 733 1007 807 τούς
1031 730 1168 807 οἰκείους
1192 735 1315 830 τόπους.

132 855 201 924 Ἵνα
225 857 259 923 αί
283 855 455 946 ἐκκλησίαι
483 855 598 938 αὐτῶν,
635 859 673 932 ἃς
705 857 873 945 μέλλουσιν
906 857 993 945 ἔχειν
1026 855 1058 921 ἐν
1086 855 1133 932 οίς
1165 857 1316 944 μίλλοοσι

59 995 204 1049 κατοικεῖν
227 988 346 1064 τδποις,
371 981 447 1050 ὦσιν
469 985 673 1071 ίδιδρροθμοι
697 989 777 1071 μετὰ
798 983 962 1070 δυνάμεως
986 993 1042 1070 τῇς
1067 983 1231 1068 βασιλείας
1256 1006 1316 1070 μου

59 1109 119 1173 ἄνευ
142 1107 355 1196 ἀνακρίσεως,
380 1115 436 1176 καί
458 1107 511 1174 ἵνα
533 1121 664 1175 ποιῶσιν
689 1109 722 1174 ἐν
746 1107 855 1183 αὐτοῶς
884 1111 1087 1196 βαπτίσματα
1116 1115 1172 1175 καί
1193 1108 1313 1196 ίεροτε-

58 1235 182 1312 λεττίας,
207 1235 323 1308 καθὼς
347 1233 460 1322 ἔχουσι
484 1235 667 1322 συνήθειαν.

131 1356 202 1424 Ἵνα
230 1359 287 1424 ἐὰν
309 1357 479 1432 Βενίτικος
508 1357 660 1445 ἀποθάνῃ
691 1355 735 1432 είς
758 1359 813 1444 τήν
838 1360 948 1444 χῶραν
972 1367 1027 1444 τῇς
1052 1359 1216 1442 βασιλείας
1245 1381 1315 1446 μου,

57 1481 107 1546 εἴτε
130 1483 295 1570 διαθήκην
318 1485 454 1570 ποιήσει,
480 1483 541 1548 είτε
567 1477 603 1547 οὐ
627 1487 764 1570 ποιήσει,
790 1481 998 1570 οίκονορῇται
1015 1485 1049 1547 τὸ
1065 1493 1197 1570 πρᾶγμα
1220 1477 1317 1548 αότοΰ

56 1609 129 1690 ταρὰ
156 1615 212 1670 τοῦ
243 1604 382 1693 μπαίλου
405 1605 425 1693 ή
449 1611 535 1694 παρὰ
564 1616 619 1672 τοῦ
648 1607 763 1692 δικαίῳ
788 1603 900 1684 αὐτοῦ,
928 1607 1042 1679 καθιλς
1066 1603 1104 1671 ἂν
1128 1601 1222 1680 οὗτος
1244 1607 1318 1672 διαί·

56 1734 159 1816 θηται,
183 1731 204 1820 ή
228 1731 246 1796 δ
270 1733 407 1818 μποίίλος
431 1735 486 1797 καί
509 1731 526 1796 δ
550 1731 664 1818 δικοίιρ
690 1725 786 1796 αὐτοῦ
814 1729 971 1816 ἐπικρίνη,
996 1735 1052 1796 καί
1079 1725 1116 1796 οίν
1146 1732 1207 1818 μήν
1238 1727 1319 1819 εὑρί-

56 1875 110 1940 ακη
138 1855 336 1943 ίμποδισμὸν
355 1871 435 1922 ’τινα
458 1854 478 1944 ή
503 1853 638 1944 ὄχλησιν
667 1855 728 1920 ἀπὸ
758 1862 813 1920 τοῦ
837 1857 953 1941 μέρους
977 1863 1032 1941 τῇς
1056 1855 1222 1939 βασιλείας
1246 1879 1317 1942 μου.

131 1977 203 2045 Ἵνα
227 1979 283 2046 ἐὰν
308 1983 413 2069 συμβῇ
437 1981 640 2047 κινδυνεῦσαι
666 1978 854 2053 Βενετίκους
878 1984 959 2066 μετὰ
983 1981 1147 2066 καραβίων
1172 1975 1317 2070 αὐτῶνή

56 2107 126 2188 μετὰ
155 2103 261 2169 ἄλλων
290 2105 389 2180 ξύλων
418 2103 463 2180 είς
491 2105 546 2192 τήν
575 2107 681 2192 χῶραν
710 2114 764 2190 τῇς
790 2105 962 2190 βασιλείαςΙ
980 2125 1054 2190 μου,
1080 2101 1138 2168 ὦσι
1162 2115 1241 2169 σῶοι
1263 2107 1319 2170 καί

58 2225 135 2292 αὐτοί
158 2233 216 2293 καί
241 2234 280 2294 τὰ
302 2235 476 2315 πράγματα
501 2223 612 2308 αότῶν,
637 2233 693 2294 καί
715 2225 768 2293 ἵνα
790 2227 891 2316 ἔχωσι
912 2229 1070 2316 βοήθειαν
1087 2226 1150 2293 ἀπὸ
1167 2235 1221 2292 τοῦ
1237 2227 1318 2293 λαοδ

56 2361 101 2436 τῆς
124 2353 291 2436 βασιλείας
316 2375 386 2439 μου,
412 2351 495 2427 ὅπως
518 2363 660 2438 κρατῶσι
683 2357 722 2416 τὰ
745 2357 919 2439 πράγματα
944 2347 1056 2416 αὐτῶν.

130 2474 202 2544 Ἵνα
227 2475 343 2566 ἔχωσιν
374 2475 403 2542 οί
425 2477 590 2576 Βενίτικοι
619 2475 730 2542 ἄδειαν
758 2475 946 2552 ἐξωνεῖσθαι
975 2487 1060 2543 σῖτον
1085 2473 1147 2541 ἀπὸ
1171 2485 1226 2564 τῇς
1250 2480 1345 2563 χῶ-’

58 2625 104 2686 ρας
126 2613 182 2692 τῇς
209 2605 376 2688 βασιλείας
406 2627 466 2690 μου
495 2601 551 2668 καί
574 2603 774 2689 διακομίζειν
799 2599 906 2682 αὐτὸν,
932 2603 1017 2668 ἔνθα
1045 2603 1193 2680 θέλουσι,
1221 2601 1319 2688 παρὲξ

57 2735 105 2792 τῶν
138 2737 254 2814 χωρῶν
288 2737 349 2792 τῶν
385 2725 512 2814 ἐχθρῶν
548 2738 602 2815 τῇς
638 2727 803 2811 βασιλείας
838 2747 908 2812 μου·
946 2721 1021 2790 ὅταν
1056 2725 1091 2790 δὲ
1126 2718 1320 2815 πωλήται’·δ

57 2863 129 2928 σῖτος
158 2854 192 2918 ίν
221 2864 260 2941 τῇ
288 2851 621 2920 Κωναταντινουπόλει
649 2855 684 2916 τὸ
709 2857 913 2939 κεντηνάριον
942 2847 1088 2936 ἐπέκεινα
1120 2863 1180 2920 τῶν
1203 2855 1319 2940 πεντή-

57 2997 142 3041 κοντα
166 2973 360 3065 ὑπεραίρων,
385 2974 421 3043 οὐ
446 2980 508 3066 μήν
532 2975 705 3054 ἐξωνῶνται
731 2973 835 3041 αὐτόν.

131 3099 203 3169 Ἵνα
233 3101 288 3168 ἐὰν
317 3105 423 3189 συμβῇ
450 3105 583 3190 ποιῆσαί
607 3123 674 3168 τινα
699 3097 869 3167 Βενὲτικον
893 3097 937 3174 ε’ίς
960 3123 1030 3167 τινα
1052 3098 1208 3188 Ῥωμαῖον
1236 3101 1318 3187 βλά-

59 3228 120 3313 βην,
155 3227 212 3294 ἐὰν
237 3225 358 3316 εὑρεθῇ
381 3225 398 3294 δ
421 3230 559 3316 ποιήσας
588 3229 643 3313 τήν
668 3226 807 3313 βλάβην,
842 3233 1016 3312 τηνικαῦτα
1039 3223 1157 3314 τοιῇδ
1182 3229 1318 3313 μπιίῐλος

59 3352 103 3437 τήν
130 3349 297 3438 ἐκδίκησιν
325 3357 410 3418 κατὰ
442 3356 477 3417 τὸ
501 3353 637 3417 δίκαιον.
663 3349 749 3415 τίδὲ
775 3345 837 3436 οὐχ
860 3345 1038 3435 εὑρίσκεται
1062 3345 1079 3414 δ
1102 3352 1239 3437 ποιήσας
1263 3347 1319 3438 τήν

60 3479 179 3562 ίημίαν,
207 3476 261 3543 ἵνα
285 3477 416 3542 διδῶται
445 3477 556 3563 διωρία
582 3481 670 3564 παρὰ
699 3485 753 3540 τοῦ
783 3471 920 3562 μπαίλοο
944 3477 987 3562 τῷ
1010 3473 1199 3563 ἀδικηθέντι
1223 3481 1319 3564 μέχρι

59 3604 104 3662 καί
126 3599 297 3688 ἑξαμήνου
321 3605 378 3666 καί
402 3599 429 3664 εί
453 3606 509 3687 μὲν
538 3596 658 3687 εὑρεθῇ
681 3585 700 3664 δ
722 3601 860 3686 ποιήσας
888 3599 943 3686 τήν
973 3597 1116 3678 ἀδικίαν,
1143 3597 1195 3664 ἵνα
1224 3603 1320 3688 γίνη-Ι

60 3721 141 3812 ταιή
167 3723 335 3816 ἐκδίκησις
358 3727 451 3790 ποίλιν
475 3730 560 3790 κατὰ
583 3727 619 3788 τό
642 3725 777 3790 δίκαιον
803 3722 831 3788 εί
853 3725 889 3787 δὲ
914 3720 977 3810 οὐχ
1000 3720 1135 3811 εὑρεθῇ,
1163 3721 1216 3789 ἵνα
1242 3735 1318 3812 ποιῇ

61 3845 145 3932 ίρκον
169 3849 186 3917 δ
213 3852 350 3938 μπαίϊλος
378 3847 398 3938 ή
423 3847 440 3915 ὁ
463 3850 579 3935 δικαίῳ
609 3845 706 3913 αὐτοῦ
734 3849 857 3913 διδὸναι
882 3847 1002 3936 είδηοιν
1026 3857 1206 3936 πανταχοῦ,
1235 3847 1319 3913 ἔνθα

61 3971 135 4062 ίνιή
160 3975 289 4051 ἐξουσία
313 3985 372 4039 τῶν
396 3973 587 4051 Βενετίκων,
610 3977 666 4039 καί
693 3969 879 4060 εὑρίσκηται
903 3977 938 4037 τι)
966 3985 1097 4060 πρᾶγμα
1127 3965 1239 4052 αδτοδ,
1262 3977 1319 4038 καί

60 4095 199 4166 ἱκανῶται
224 4099 241 4166 ὁ
266 4098 447 4187 ἀδικηθείς.
473 4096 587 4163 ἐὰνδὲ
613 4098 719 4185 συμβῇ
743 4101 898 4178 γενέσθαι
921 4101 1032 4185 μόνον,
1057 4095 1086 4162 εί
1110 4101 1166 4183 μὲν
1190 4095 1318 4164 Βενίτι-

61 4243 107 4298 κος
129 4225 277 4314 φονεύσει
300 4223 466 4311 Ῥωμαῖον,
489 4221 542 4289 ἵνα
566 4221 711 4310 κρίνηται
735 4217 826 4296 οὗτος
848 4225 935 4309 παρὰ
959 4231 1013 4287 τοῦ
1041 4226 1155 4310 μέρους
1178 4233 1233 4310 τῇς
1257 4225 1319 4307 βα·

62 4349 169 4425 πλείοις
193 4373 264 4438 μου,
290 4345 407 4436 ὁμοίως
430 4353 486 4414 καί
508 4346 673 4436 Ῥωμαίος,
700 4347 755 4412 ἐὰν
779 4348 918 4436 ρονείση
941 4345 1120 4413 Βενέτικον.
1146 4345 1174 4412 εί
1197 4349 1232 4412 δὲ
1256 4343 1319 4414 Βε-

61 4479 169 4550 νίτικος
191 4465 340 4566 Ιρονειίσει
361 4473 546 4555 Βενίτικον,
573 4471 600 4538 εἰ
624 4477 681 4560 μὲν
706 4472 765 4548 ίξω
789 4482 845 4562 τῇς
868 4469 1231 4547 Κωνσταντινουπόλιως
1258 4458 1319 4563 ρο-

62 4601 152 4664 νιὺσει
175 4607 296 4678 τοῦτον,
320 4597 374 4664 ἵνα
397 4602 543 4686 κρίνηται
565 4601 652 4685 παρὰ
675 4605 730 4662 τοῦ
757 4591 905 4683 μπαίλου·
932 4595 959 4661 εί
979 4594 1014 4662 δὲ
1036 4593 1068 4664 ίν
1084 4609 1123 4686 τῇ
1146 4577 1320 4665 Ιίωνσταν·

63 4725 224 4790 τινουπδλει
252 4725 384 4812 γίνηται
411 4727 507 4812 ρόνος
535 4719 597 4787 ἀπὸ
625 4714 802 4788 ΒενετίκουΙ
823 4717 868 4792 είς
891 4715 1075 4800 Βενέτικυν,
1099 4719 1152 4787 ἵνα
1175 4726 1322 4826 κρίνηεαρ

64 4851 219 4918 καὶτοῦτο
242 4855 329 4936 παρὰ
353 4858 409 4914 τοῦ
433 4853 546 4936 μίμους
570 4857 625 4936 τής
649 4847 813 4932 βασιλείας
837 4869 909 4932 μου.
1031 4857 1035 4866 ’

1105 4956 1122 5018 ί
