3132 5268
1248 375 1310 442 195

59 571 105 632 καί
136 565 257 634 ἕκαστα
292 573 331 634 τὰ
365 567 635 656 ἀναγεγραμμένα
670 567 816 649 έγένυντυ
857 569 955 634 έτει
994 566 1078 634 ἀπὸ
1116 577 1195 655 τῆς
1237 577 1314 634 τοῦ

59 695 207 776 κυρίου
253 696 519 779 γεννήσεως
557 693 785 780 χιλιοστιβ
821 691 1208 780 τετρακοσιοστῷ
1245 693 1313 770 λς’,

58 816 346 892 ίνδικτιωνος
382 817 627 898 ιδ’)κατᾱ
662 821 736 884 τόν
771 829 853 882 τῶν
880 820 1091 884 Λατίνιον
1125 819 1311 905 δρόμον,

58 937 129 1005 ἀπὸ
161 941 209 1006 δέ
245 948 447 1015 κτίσεως
484 945 664 1028 κόσμου
697 943 842 1030 'smne'
881 941 925 1006 έν
960 941 1067 1029 μηνὶ
1101 946 1178 1008 καί
1213 939 1313 1030 ήμέ-

58 1087 99 1149 ρρ
133 1077 182 1153 τῇ
222 1063 434 1152 ἀνωτέρω
469 1071 790 1154 γεγραμμένη,
828 1069 990 1152 παρόντων
1029 1067 1192 1152 μαρτύρων
1226 1065 1315 1138 ίδίως

56 1192 121 1272 τρίς
144 1199 244 1254 ταῦτα
267 1195 307 1256 τὰ
330 1189 477 1278 ἀνωτέρω
501 1195 709 1276 γεγραμμένα
733 1191 1002 1276 προσκληθέντων
1026 1195 1082 1256 καί
1107 1188 1314 1268 ἀξιωθέντων,
1404 1215 1409 1230 ·

57 1321 101 1378 ιυδ
121 1335 154 1378 τε
178 1317 398 1402 περιποθήτου
421 1314 596 1404 έξαδέλρυυ
619 1325 674 1401 τής
707 1317 872 1400 βασιλείας
895 1313 985 1403 ήμῶν
1008 1325 1108 1401 κυρυδ
1132 1315 1313 1404 Δημητρίου

58 1435 270 1520 Παλαιυλόγου
296 1448 352 1504 τοῦ
379 1438 650 1527 Καντακυυίηνυῦ
678 1445 735 1504 καί
761 1449 816 1504 τοῦ
844 1442 1060 1526 περιποθήτου
1084 1440 1229 1525 γαμβροῦ
1254 1435 1314 1504 αό-

56 1572 101 1648 τής
127 1572 225 1650 κυρυῡ
254 1565 367 1630 Λουκᾱ
396 1565 621 1652 διερμηνευτυό
649 1573 704 1630 τοῦ
732 1563 878 1647 Νυταρᾱ,
907 1563 1051 1630 Λατίνων
1076 1565 1111 1628 δὲ
1136 1573 1196 1630 τῶν
1221 1561 1314 1644 εόγε-

56 1696 105 1748 νυν
126 1692 182 1752 καί
208 1693 367 1776 φρονίμων
396 1688 518 1774 ἀνδρῶν
546 1697 643 1774 κυρυῖι
669 1687 867 1775 Φραγγούλη
892 1697 946 1754 τοῦ
970 1687 1102 1775 Βενέρη,
1126 1697 1225 1774 κυρυίι
1249 1687 1312 1754 Ἰα-

55 1813 149 1894 κιίβυυ
165 1821 222 1878 τοῦ
237 1811 459 1900 Μαντυυαρίου
474 1819 530 1880 καί
553 1825 651 1902 κυρυϋ
674 1814 838 1901 Δομένικω
854 1818 904 1880 ντέ
928 1813 981 1882 Ka
1004 1819 1055 1880 ντέ
1073 1814 1199 1896 Πέίιγω
1215 1815 1266 1895 ²”)
1282 1819 1312 1894 †.

130 1936 417 2025 ’ς’έωέννης,
456 1937 500 2004 έν
543 1938 724 2025 Χριστῷ
765 1938 819 2025 τῷ
856 1939 947 2024 θεῷ
986 1942 1151 2014 πιστός
1190 1941 1313 2023 βασι-

55 2059 581 2148 λεόςκαίαίιτυκρατωρ
606 2061 851 2150 Ῥωμαίων,
880 2061 897 2128 δ
926 2062 1313 2143 Παλαιολόγοςή.

131 2193 241 2264 θηρία.
259 2195 371 2252 mbr.
391 2195 530 2248 tabularis·
551 2193 654 2252 ίίιιαίί.
678 2194 775 2250 Venio
790 2194 886 2250 έαίέασ
900 2195 941 2248 ad
955 2195 1093 2252 όεαιαοαι.
1110 2194 1209 2251 Aurea
1224 2193 1312 2258 δικίίσ,

55 2333 117 2383 quae
131 2335 274 2388 ευιρικωα
289 2328 354 2372 ενοι
368 2321 458 2372 mico
472 2318 571 2378 ηκθτυ,
591 2319 695 2372 συνεῖσα
710 2328 760 2376 κοί.

315 2591 394 2658 XLI.
411 2592 498 2658 6947
515 2593 632 2672 (1439)
648 2609 753 2656 mense
769 2597 904 2676 augusto
919 2589 985 2656 ind.
1004 2591 1040 2657 11.

89 2759 250 2830 Imperator
265 2759 389 2815 Ιυααιιεε
406 2759 601 2840 Ραίαιυίοριιτ
616 2761 740 2815 concedit
755 2759 930 2816 Florentinis
945 2763 989 2814 κἰιε
1005 2761 1123 2814 creandi
1137 2763 1266 2815 notarios

589 2886 760 2956 imperiales.

128 3043 146 3116 †
177 3035 338 3125 Ἰωάννης,
370 3037 403 3102 έν
430 3035 553 3124 Χριστῷ
584 3037 627 3124 τῷ
656 3037 725 3126 θεῷ
749 3039 859 3110 πιστός
888 3037 1038 3122 βασιλεὺς
1065 3041 1122 3102 καί
1151 3032 1313 3124 αὐτοκρά-

51 3181 101 3244 τωρ
124 3159 303 3249 Ῥωμαίων,
329 3157 346 3224 ό
370 3159 596 3242 Παλαιυλόγυς
619 3165 675 3226 καί
699 3159 749 3226 ἀεὶ
777 3159 965 3242 αὔγυυστος.
989 3165 1045 3226 καί
1067 3171 1145 3228 πᾶσι
1170 3167 1226 3248 μέν
1250 3172 1314 3236 τοῖς

51 3281 151 3359 ἄλλοις
186 3283 370 3372 ἀνθρώποις
405 3281 476 3350 οὖσι
502 3288 558 3350 καί
592 3285 678 3370 λόγῳ
715 3291 890 3372 χρωμένοις
919 3287 953 3350 τό
986 3285 1058 3358 τοὺς
1086 3281 1248 3372 όμυγενεῖς
1276 3282 1313 3348 ἐκ

51 3418 100 3472 των
124 3406 331 3496 ὑπαρχόντων
356 3403 526 3494 εὐεργετεῖν
558 3406 676 3474 υίκείυν
700 3409 862 3496 δήπουθεν
891 3405 970 3494 όμυῦ
993 3412 1049 3472 καί
1073 3416 1235 3496 προσήκων
1259 3410 1314 3496 τήν

51 3542 100 3596 τῶν
134 3530 282 3598 ἁπάντων
321 3531 470 3596 έντεῦθεν
504 3529 732 3620 έπισπωμένοις
768 3529 909 3618 ἀγάπην,
945 3532 1155 3620 δωρουμένους
1191 3555 1223 3596 τε
1258 3535 1314 3598 καί

51 3654 257 3742 λαμβάνουσιν
285 3655 317 3722 έν
346 3655 388 3740 τῴ
419 3661 518 3742 μέρει·
547 3658 645 3742 τοότιρ
674 3659 735 3742 γὰρ
758 3654 801 3742 τῷ
824 3659 927 3744 τρόπῳ
951 3660 987 3721 τό
1011 3679 1045 3722 τε
1071 3659 1140 3742 περί
1163 3658 1199 3722 τὸ
1223 3657 1313 3720 θείυν

51 3779 162 3853 σιίιίοιτ’
192 3778 231 3844 ἂν
260 3781 359 3866 σέβας
387 3783 444 3848 καί
471 3783 507 3844 τδ
534 3783 611 3868 πρός
638 3780 710 3854 πυός
735 3777 914 3868 ὁμοφύλους
942 3783 1124 3846 κοινωνικόν
1152 3784 1208 3846 καί
1240 3781 1312 3866 τριλ-

51 3905 226 3990 άνθρωπυν,
266 3907 405 3992 μάλιστα
440 3905 475 3968 δέ
511 3924 546 3986 γε
581 3908 637 3968 καί
672 3907 852 3991 κυριώτατα
887 3905 922 3968 τό
954 3912 1093 3970 τοιοῦτον
1130 3905 1313 3987 βασιλεῦσιν

52 4023 155 4114 ἀνήκει
179 4039 290 4116 χρῆμα
322 4028 487 4112 βασιλείας
516 4024 551 4090 ὂν
572 4027 758 4093 ὶδιαίτοιτυν·
787 4023 879 4092 οόδέν
908 4031 970 4112 γὰρ
998 4037 1058 4092 τιῐυν
1087 4023 1169 4092 ὅλων
1197 4027 1312 4092 τοσοό·

51 4173 86 4236 ιιρ
108 4157 160 4220 τόν
186 4154 321 4238 βασιλέα
348 4163 477 4240 κοσμεῖ,
513 4147 579 4236 ὅσῳ
608 4154 643 4216 τὸ
670 4154 750 4238 πρὸς
777 4154 899 4226 πάντας
927 4147 1056 4238 εόμενὲς
1090 4155 1146 4216 καί
1173 4150 1312 4238 ριλόδω-

52 4294 109 4354 ρυν·
142 4271 180 4342 οό
210 4281 305 4364 μόνον
341 4279 403 4362 γυίρ
432 4276 485 4341 διὰ
513 4276 629 4340 τούτων
657 4277 735 4340 θεὸν
764 4279 849 4340 κατὰ
881 4278 916 4340 τό
952 4277 1099 4364 δυνατὸν,
1120 4275 1312 4361 μιμούμενος

51 4404 200 4482 ραίνεται,
236 4411 314 4466 πᾶσι
348 4409 514 4487 προσηνῶς
544 4395 719 4479 ὑπανοίγων
751 4403 791 4464 τὰ
822 4397 888 4465 ὦτα
916 4403 972 4463 καί
1000 4399 1141 4486 δαψιλῶς
1167 4396 1311 4484 ἐπαρκῶν

97 4629 124 4695 *)
143 4629 171 4684 ln
190 4630 307 4700 margine
326 4629 443 4686 additum
462 4633 515 4684 est:
534 4627 626 4702 ἡμέρᾳ
646 4627 667 4693 ς’
687 4626 840 4699 νυεμβρίυυ.

82 4719 125 4784 **)
143 4720 216 4774 Haec
234 4721 314 4774 habet
334 4723 422 4774 textus
441 4733 568 4788 graecus,
593 4719 769 4772 emendandus
788 4733 802 4770 e
822 4715 941 4769 versione
964 4713 1062 4770 latina:
1088 4715 1184 4771 ίυυυδυ
1203 4714 1312 4772 Βυιίυυ·

149 4809 186 4863 rio
206 4809 334 4880 (Βεόυυτ)
353 4813 380 4863 et
398 4809 551 4864 Dominieho
569 4809 602 4862 de
621 4807 659 4862 Οό
677 4807 710 4862 de
728 4807 832 4860 'Pexaro
851 4806 984 4876 (Ρυευτυ).

1049 4900 1081 4956 13
1099 4893 1115 4932 ⁸
