3182 5264
1325 359 1399 420 xiii

121 553 197 622 iieio
212 554 254 621 de
270 554 394 621 osleine
409 561 440 622 et
456 552 498 620 ed
514 552 675 620 meridiem
697 551 792 620 huius
812 557 998 620 tetresernm
1019 556 1227 618 sustentetum
1248 551 1346 618 muris
1367 559 1399 618 et

121 677 336 767 leptoeeiemo
355 697 432 760 uno;
458 677 540 744 intre
563 677 624 743 hoo
646 682 749 744 eutem
771 683 803 743 et
824 693 936 744 versus
961 671 1124 741 meridiem
1143 669 1323 742 onbiordum
1343 695 1398 742 su-

123 809 298 872 stentatum
318 802 414 870 muris
434 809 466 870 et
490 809 581 890 poste
600 821 771 870 marmoreo
791 821 863 868 uno.
892 799 934 868 ed
954 800 1105 867 orientem
1132 799 1228 866 huius
1248 806 1286 868 et·
1301 820 1398 888 supre

120 933 248 1014 portem
268 925 389 1014 tropice
409 945 479 992 eum
499 925 640 1012 tequeeri
655 943 755 1013 perne
770 943 881 992 sersus
898 924 1017 992 euriem
1032 923 1101 990 eine
1116 923 1260 992 tebnleto
1275 923 1335 990 sub
1350 923 1397 990 le-

122 1049 304 1138 ptorelemo
320 1069 382 1117 uno
398 1057 429 1116 et
443 1049 657 1138 peuimentum
673 1048 714 1116 de
730 1049 857 1115 frustris
876 1047 980 1113 rubris
1001 1055 1033 1113 et
1052 1033 1206 1114 incisione
1225 1045 1393 1116 defeetiue.

120 1193 188 1260 qne
203 1179 309 1240 eutem
324 1179 437 1260 suptus
452 1179 527 1240 sunt
541 1171 696 1240 eiusmodi
711 1169 871 1240 dominilie
888 1177 921 1239 et
943 1159 1077 1238 eoelesie
1092 1169 1126 1236 in
1140 1161 1208 1237 fine·
1220 1170 1330 1238 domus
1344 1169 1399 1238 iir-

121 1305 248 1364 meutur
267 1297 364 1364 muris
381 1303 412 1364 et
426 1295 603 1384 columpnis
618 1296 702 1364 eibis
722 1303 754 1362 et
769 1313 831 1361 uno
846 1294 999 1383 pipereto.
1020 1293 1179 1380 oetoginm
1202 1311 1313 1365 versus
1332 1313 1398 1362 me-

123 1419 239 1488 ridiem
250 1419 372 1507 tropice
384 1419 531 1487 idoneum
543 1427 593 1486 est
607 1419 649 1486 ed
660 1427 793 1506 portem,
811 1439 873 1506 qne
888 1424 980 1506 perte
994 1416 1124 1484 iouente
1140 1425 1189 1484 est
1202 1437 1262 1506 per
1274 1424 1398 1506 postem

123 1563 328 1614 mermorenm
348 1565 443 1612 unum
459 1565 529 1611 oum
545 1544 670 1612 duobus
685 1543 776 1612 ostiis
798 1543 934 1631 depietis
949 1549 981 1609 et
995 1561 1095 1630 perus
1109 1549 1201 1630 porte
1216 1549 1249 1610 et
1262 1541 1346 1612 eleni
1366 1551 1398 1610 ot

122 1653 304 1738 romenieiis
320 1679 352 1738 et
366 1671 453 1737 intus
468 1669 688 1758 leptooeiemis
704 1670 828 1736 duobos
843 1667 1072 1736 sustinentibus
1087 1668 1220 1736 iuferius
1235 1669 1398 1756 peuimen·

121 1803 189 1863 tum
215 1793 379 1882 ieqnesris
405 1795 475 1860 eine
502 1795 657 1872 tebuleto,
686 1793 772 1881 quod
795 1799 845 1860 est
869 1809 979 1860 versus
1005 1791 1112 1858 sulem·
1133 1793 1255 1860 solerii.¹
1286 1813 1398 1860 versus

120 1901 273 1985 orientem
287 1916 446 1984 eiusmodi
461 1923 552 2004 porte
568 1925 600 1984 et
615 1915 657 1984 ed
673 1905 836 1983 meridiem
851 1913 1023 2002 superioris
1038 1914 1124 1982 ourie
1140 1914 1326 1984 bebiteoule
1340 1937 1399 1984 su-

120 2039 304 2128 peroiniere
319 2027 441 2127 septem
463 2027 611 2127 cooperte
627 2039 773 2108 enbieulo
787 2057 850 2105 nno
867 2039 951 2105 eires
965 2037 1103 2106 medinm
1118 2045 1150 2104 et
1160 2039 1247 2106 'selis
1270 2039 1395 2109 duabus

118 2183 193 2230 eum
208 2161 326 2230 soierio
340 2181 451 2231 susus
472 2162 575 2230 sulem
596 2181 653 2252 per
669 2161 790 2251 trepiee
807 2169 838 2229 et
861 2181 898 2229 er
920 2161 1046 2230 duobus
1068 2162 1213 2251 pertibus
1236 2163 1396 2252 stilleneje

118 2295 154 2356 et
171 2287 211 2356 ed
227 2287 390 2354 meridiem
407 2287 537 2355 alterius
551 2287 660 2356 solerii
675 2309 733 2376 por
752 2275 862 2354 dirrite
876 2287 1022 2355 introitus
1039 2295 1072 2356 et
1090 2307 1211 2356 murum
1228 2290 1395 2376 integrum,

121 2411 179 2500 qni
191 2411 314 2478 oieudit
323 2411 466 2478 sbiotum
476 2411 651 2492 trensitnm,
668 2413 723 2499 qui
735 2411 908 2478 introdusit
923 2431 942 2477 e
956 2419 1046 2498 perte
1058 2412 1245 2480 Oeivuornnr
1260 2413 1293 2479 in
1309 2413 1396 2481 eius»

121 2534 209 2602 modi
230 2521 350 2602 onmem
369 2522 513 2622 sedeque
534 2535 661 2602 soleriis
678 2535 819 2602 inuentis
839 2553 878 2602 ex
892 2541 957 2602 teto
972 2535 1109 2623 putridis
1125 2543 1157 2604 et
1172 2536 1235 2604 iem
1251 2535 1397 2605 cedenti-

122 2661 186 2726 bus
202 2667 235 2726 et
253 2647 354 2748 ipsisp'
374 2644 548 2746 pauimenti
567 2659 734 2747 putreieoti
757 2657 981 2748 pauimentetr's
1002 2659 1035 2725 in
1053 2665 1144 2747 perte
1164 2660 1205 2728 de
1228 2661 1398 2730 eonfreotis

119 2766 330 2852 mernoribns
346 2793 377 2852 et
392 2785 546 2852 incisione
562 2783 734 2868 defeotiue,
759 2785 944 2852 sustentetis
960 2784 1140 2854 huiusmodi
1156 2793 1273 2856 eterra
1288 2795 1321 2857 et
1341 2788 1398 2857 de-

120 2925 219 2996 super
234 2909 332 2975 meris
348 2915 380 2975 et
399 2908 715 2998 ligneisoqumpnis
726 2915 762 2977 et
784 2908 958 2976 subtilibus
981 2909 1156 2996 columpnis
1179 2917 1325 2999 quattuor
1344 2933 1398 2980 so-

120 3031 208 3112 lerii,
235 3031 326 3120 quod
345 3041 395 3100 est
414 3051 524 3100 versus
544 3033 672 3100 onmem.
696 3039 770 3099 ente
788 3032 848 3100 heo
870 3033 1013 3121 superior
1039 3033 1127 3100 euris
1155 3034 1265 3102 oieuee
1287 3054 1397 3104 versus

122 3157 281 3225 orientem
292 3177 381 3224 muro
396 3172 453 3246 per
468 3141 503 3224 so
519 3163 636 3240 sternte,
662 3157 705 3226 sd
720 3157 883 3225 meridiem
897 3144 1002 3225 eutem
1016 3179 1074 3246 per
1094 3157 1271 3246 desoriptts
1287 3160 1397 3228 domos

120 3296 235 3349 tersus
266 3281 511 3368 septentrionem
541 3282 668 3371 proprie
699 3265 931 3350 dominationis
951 3265 1135 3350 oementieio
1172 3285 1396 3352 sustenterulo.

122 3419 235 3474 tersus
262 3403 458 3472 occidentem
480 3405 616 3473 eoelesie
636 3413 668 3473 et
686 3425 803 3492 mogus
822 3403 898 3472 sele.
923 3405 956 3472 in
980 3405 1136 3473 eiusmodi
1157 3407 1245 3475 ourie
1267 3409 1398 3478 iouente

125 3535 199 3598 sunt
222 3529 287 3597 duo
307 3513 476 3597 mermoreo
497 3549 564 3613 ore,
590 3525 844 3598 unnm'oisteme
864 3535 896 3597 et
916 3529 1004 3597 eliud
1023 3531 1192 3602 leouneris.
1212 3555 1324 3603 sersus
1344 3555 1397 3604 se-

124 3653 335 3740 ptentrionem
356 3653 512 3720 eiusmodi
539 3653 625 3720 enrie
646 3673 683 3720 er
706 3652 831 3721 duobus
846 3653 992 3744 pertibus
1008 3655 1132 3722 stillens
1156 3659 1305 3725 solerium
1326 3679 1396 3726 eum

124 3777 310 3862 peuinr'ento
328 3776 528 3864 disoooperto
555 3775 754 3865 eprorimens
783 3783 815 3844 et
841 3776 992 3844 edieoens
1019 3781 1222 3847 sustentatori
1243 3765 1397 3868 ¹contiguo

125 3919 196 3966 cum
210 3899 387 3968 renerebili
403 3905 436 3968 et
447 3899 560 3982 iibere,
583 3919 644 3988 que
660 3907 709 3967 est
723 3919 832 3968 versus
849 3901 1012 3983 orientem,
1037 3902 1220 3970 feminarum
1235 3889 1397 3972 mensione

125 4024 327 4092 semotissime
351 4016 410 4090 Dei
433 4023 599 4110 genitrioie
621 4023 670 4090 Tu
693 4021 843 4091 Mendile.
869 4023 966 4092 debet
992 4033 1096 4093 eutem
1123 4046 1194 4093 esse
1217 4026 1398 4095 huiusmodi

125 4167 202 4237 pers
218 4155 251 4216 et
266 4147 492 4232 bebiteeuium
512 4155 547 4216 nt
562 4164 674 4218 tersus
688 4135 814 4231 onmem,
831 4149 997 4237 integrum.
1014 4151 1078 4219 elie
1094 4152 1190 4233 eurio,
1209 4171 1271 4240 que
1286 4173 1398 4222 versus

127 4271 373 4360 septentrionem
389 4273 618 4362 dssoripterum
640 4273 800 4340 domorum
820 4291 890 4340 oum
909 4291 1018 4342 versus
1039 4275 1190 4343 orientem
1209 4275 1320 4344 domus
1341 4295 1397 4345 su-

127 4395 307 4483 peroiniere
316 4393 386 4464 sele
397 4395 530 4466 onerum
541 4415 714 4484 spererum,
732 4395 879 4482 enogium
895 4385 1021 4483 quidem
1033 4397 1075 4464 ed
1091 4416 1221 4481 orreum,
1238 4400 1398 4487 oetogium

129 4539 201 4587 rero
229 4519 272 4586 ed
298 4519 457 4588 stebulum
485 4539 555 4587 oum
575 4519 721 4588 trenstris
741 4537 842 4607 usqne
862 4519 904 4586 od
922 4519 1061 4587 medium
1084 4529 1115 4588 et
1134 4523 1281 4610 presepio
1300 4523 1398 4611 duplo

131 4661 199 4708 eum
215 4641 331 4710 solerie
347 4637 458 4710 versus
474 4643 590 4710 euriem
613 4651 645 4710 et
659 4661 769 4712 versus
784 4643 1028 4731 septentrionem
1045 4665 1103 4733 per
1116 4653 1233 4714 tentum
1254 4667 1292 4714 er
1311 4655 1399 4716 utre-
1528 4625 1537 4650 χ

132 4785 191 4852 que
204 4775 295 4855 perte
310 4765 436 4834 stillens
451 4774 482 4834 et
497 4766 588 4834 eliud
604 4787 642 4834 er
657 4785 720 4834 une
733 4774 825 4855 perte
842 4765 1010 4836 decurrens
1027 4776 1059 4838 et
1078 4789 1244 4840 ascensum
1267 4788 1398 4858 oooper-
