<?xml version="1.0" encoding="UTF-8"?>
<!DOCTYPE html PUBLIC "-//W3C//DTD XHTML 1.0 Transitional//EN"
    "http://www.w3.org/TR/xhtml1/DTD/xhtml1-transitional.dtd">
<html xmlns="http://www.w3.org/1999/xhtml" xml:lang="en" lang="en">
 <head>
  <title>
</title>
<meta http-equiv="Content-Type" content="text/html;charset=utf-8" />
  <meta name='ocr-system' content='tesseract 3.04.00' />
  <meta name='ocr-capabilities' content='ocr_page ocr_carea ocr_par ocr_line ocrx_word'/>
</head>
<body>
  <div class='ocr_page' id='page_1' title='image "./actaetdiplomata03miklgoog_0138.png"; bbox 0 0 3148 5268; ppageno 0'>
   <div class='ocr_carea' id='block_1_1' title="bbox 1265 376 1328 458">
    <p class='ocr_par' dir='ltr' id='par_1_1' title="bbox 1265 376 1328 458">
     <span class='ocr_line' id='line_1_1' title="bbox 1265 376 1328 458; baseline 0.27 -16"><span class='ocrx_word' id='word_1_1' title='bbox 1265 376 1328 458; x_wconf 76' lang='grc' dir='ltr'><strong>ινί</strong></span> 
     </span>
    </p>
   </div>
   <div class='ocr_carea' id='block_1_2' title="bbox 62 563 1332 2780">
    <p class='ocr_par' dir='ltr' id='par_1_2' title="bbox 62 563 1332 2780">
     <span class='ocr_line' id='line_1_2' title="bbox 75 563 1331 656; baseline 0.004 -28"><span class='ocrx_word' id='word_1_2' title='bbox 75 565 167 640; x_wconf 87' lang='grc' dir='ltr'><strong>αύτως</strong></span> <span class='ocrx_word' id='word_1_3' title='bbox 189 563 242 632; x_wconf 82' lang='grc' dir='ltr'><strong>ἵνα</strong></span> <span class='ocrx_word' id='word_1_4' title='bbox 268 567 419 656; x_wconf 79' lang='grc' dir='ltr'><strong>ἀνόχηται</strong></span> <span class='ocrx_word' id='word_1_5' title='bbox 441 565 459 634; x_wconf 88' lang='grc' dir='ltr'><strong>ύ</strong></span> <span class='ocrx_word' id='word_1_6' title='bbox 484 563 596 656; x_wconf 72' lang='grc' dir='ltr'><strong>ῥηθείς</strong></span> <span class='ocrx_word' id='word_1_7' title='bbox 620 571 795 656; x_wconf 77' lang='grc' dir='ltr'><strong>μιταίοῦλος</strong></span> <span class='ocrx_word' id='word_1_8' title='bbox 819 567 1044 656; x_wconf 81' lang='grc' dir='ltr'><strong>ἱκανοττοιησαι</strong></span> <span class='ocrx_word' id='word_1_9' title='bbox 1074 569 1146 644; x_wconf 83' lang='grc' dir='ltr'><strong>τούς</strong></span> <span class='ocrx_word' id='word_1_10' title='bbox 1173 571 1331 652; x_wconf 73' lang='grc' dir='ltr'><strong>τοιούτους</strong></span> 
     </span>
     <span class='ocr_line' id='line_1_3' title="bbox 70 690 1332 782; baseline 0.001 -28"><span class='ocrx_word' id='word_1_11' title='bbox 70 701 332 780; x_wconf 86' lang='grc' dir='ltr'><strong>κομμερκιαρίοος</strong></span> <span class='ocrx_word' id='word_1_12' title='bbox 361 695 406 768; x_wconf 80' lang='grc' dir='ltr'><strong>εὶς</strong></span> <span class='ocrx_word' id='word_1_13' title='bbox 435 692 511 760; x_wconf 82' lang='grc' dir='ltr'><strong>ὅσον</strong></span> <span class='ocrx_word' id='word_1_14' title='bbox 540 694 578 761; x_wconf 82' lang='grc' dir='ltr'><strong>ἀν</strong></span> <span class='ocrx_word' id='word_1_15' title='bbox 606 695 730 772; x_wconf 76' lang='grc' dir='ltr'><strong>δείεωσι</strong></span> <span class='ocrx_word' id='word_1_16' title='bbox 757 699 813 762; x_wconf 87' lang='grc' dir='ltr'><strong>καί</strong></span> <span class='ocrx_word' id='word_1_17' title='bbox 843 698 1102 782; x_wconf 77' lang='grc' dir='ltr'><strong>ταραστησωσιν,</strong></span> <span class='ocrx_word' id='word_1_18' title='bbox 1137 690 1185 760; x_wconf 86' lang='grc' dir='ltr'><strong>ότι</strong></span> <span class='ocrx_word' id='word_1_19' title='bbox 1212 691 1332 782; x_wconf 84' lang='grc' dir='ltr'><strong>ἀρείλει</strong></span> 
     </span>
     <span class='ocr_line' id='line_1_4' title="bbox 70 813 1328 914; baseline 0.004 -35"><span class='ocrx_word' id='word_1_20' title='bbox 70 819 137 900; x_wconf 84' lang='grc' dir='ltr'><strong>τρύς</strong></span> <span class='ocrx_word' id='word_1_21' title='bbox 161 813 278 891; x_wconf 85' lang='grc' dir='ltr'><strong>αύτούς</strong></span> <span class='ocrx_word' id='word_1_22' title='bbox 302 815 319 882; x_wconf 88' lang='grc' dir='ltr'>ό</span> <span class='ocrx_word' id='word_1_23' title='bbox 344 813 459 904; x_wconf 75' lang='grc' dir='ltr'><strong>ῥηθείς</strong></span> <span class='ocrx_word' id='word_1_24' title='bbox 483 817 541 902; x_wconf 89' lang='grc' dir='ltr'><strong>σύρ</strong></span> <span class='ocrx_word' id='word_1_25' title='bbox 556 817 720 914; x_wconf 78' lang='grc' dir='ltr'><strong>Κύνοτας,</strong></span> <span class='ocrx_word' id='word_1_26' title='bbox 744 823 801 886; x_wconf 83' lang='grc' dir='ltr'><strong>καί</strong></span> <span class='ocrx_word' id='word_1_27' title='bbox 823 819 933 889; x_wconf 82' lang='grc' dir='ltr'><strong>δοῦναι</strong></span> <span class='ocrx_word' id='word_1_28' title='bbox 956 826 1048 884; x_wconf 90' lang='grc' dir='ltr'><strong>τοῦτο</strong></span> <span class='ocrx_word' id='word_1_29' title='bbox 1071 819 1148 904; x_wconf 73' lang='grc' dir='ltr'><strong>πρὸς</strong></span> <span class='ocrx_word' id='word_1_30' title='bbox 1172 817 1245 892; x_wconf 89' lang='grc' dir='ltr'><strong>τούς</strong></span> <span class='ocrx_word' id='word_1_31' title='bbox 1269 815 1328 887; x_wconf 88' lang='grc' dir='ltr'><strong>αύ-</strong></span> 
     </span>
     <span class='ocr_line' id='line_1_5' title="bbox 70 938 1330 1035; baseline 0.002 -33"><span class='ocrx_word' id='word_1_32' title='bbox 70 939 134 1012; x_wconf 85' lang='grc' dir='ltr'><strong>τούς</strong></span> <span class='ocrx_word' id='word_1_33' title='bbox 160 945 433 1032; x_wconf 85' lang='grc' dir='ltr'><strong>κυμρερκιαρίους</strong></span> <span class='ocrx_word' id='word_1_34' title='bbox 461 938 524 1006; x_wconf 86' lang='grc' dir='ltr'><strong>σίττό</strong></span> <span class='ocrx_word' id='word_1_35' title='bbox 552 951 612 1008; x_wconf 85' lang='grc' dir='ltr'><strong>τῦν</strong></span> <span class='ocrx_word' id='word_1_36' title='bbox 626 945 826 1028; x_wconf 73' lang='grc' dir='ltr'><strong>ρτραγμάτων</strong></span> <span class='ocrx_word' id='word_1_37' title='bbox 854 949 910 1007; x_wconf 89' lang='grc' dir='ltr'><strong>τοῦ</strong></span> <span class='ocrx_word' id='word_1_38' title='bbox 937 943 1080 1008; x_wconf 84' lang='grc' dir='ltr'><strong>τοιούτου</strong></span> <span class='ocrx_word' id='word_1_39' title='bbox 1104 941 1161 1027; x_wconf 90' lang='grc' dir='ltr'><strong>σύρ</strong></span> <span class='ocrx_word' id='word_1_40' title='bbox 1186 939 1330 1035; x_wconf 81' lang='grc' dir='ltr'><strong>Κῦνοτα.</strong></span> 
     </span>
     <span class='ocr_line' id='line_1_6' title="bbox 68 1061 1330 1158; baseline 0.003 -33"><span class='ocrx_word' id='word_1_41' title='bbox 68 1061 109 1126; x_wconf 83' lang='grc' dir='ltr'><strong>ἔτι</strong></span> <span class='ocrx_word' id='word_1_42' title='bbox 134 1065 192 1150; x_wconf 79' lang='grc' dir='ltr'><strong>την</strong></span> <span class='ocrx_word' id='word_1_43' title='bbox 216 1068 347 1152; x_wconf 77' lang='grc' dir='ltr'><strong>ζήτησιν</strong></span> <span class='ocrx_word' id='word_1_44' title='bbox 370 1068 427 1158; x_wconf 78' lang='grc' dir='ltr'><strong>καὶ</strong></span> <span class='ocrx_word' id='word_1_45' title='bbox 454 1063 585 1154; x_wconf 81' lang='grc' dir='ltr'><strong>δρειλην</strong></span> <span class='ocrx_word' id='word_1_46' title='bbox 613 1063 852 1133; x_wconf 86' lang='grc' dir='ltr'><strong>Κωνσταντίνσυ</strong></span> <span class='ocrx_word' id='word_1_47' title='bbox 875 1075 930 1130; x_wconf 84' lang='grc' dir='ltr'><strong>τοῦ</strong></span> <span class='ocrx_word' id='word_1_48' title='bbox 953 1064 1134 1152; x_wconf 81' lang='grc' dir='ltr'><strong>Χορττίτζη,</strong></span> <span class='ocrx_word' id='word_1_49' title='bbox 1161 1069 1330 1150; x_wconf 73' lang='grc' dir='ltr'><strong>ζητοῦντος</strong></span> 
     </span>
     <span class='ocr_line' id='line_1_7' title="bbox 68 1183 1330 1276; baseline 0.001 -26"><span class='ocrx_word' id='word_1_50' title='bbox 68 1183 224 1272; x_wconf 78' lang='grc' dir='ltr'><strong>ύτίραυρα</strong></span> <span class='ocrx_word' id='word_1_51' title='bbox 247 1189 399 1256; x_wconf 77' lang='grc' dir='ltr'>διακόσια</span> <span class='ocrx_word' id='word_1_52' title='bbox 423 1193 663 1275; x_wconf 79' lang='grc' dir='ltr'><strong>τεσσαράκοντα</strong></span> <span class='ocrx_word' id='word_1_53' title='bbox 687 1189 733 1264; x_wconf 79' lang='grc' dir='ltr'><strong>είς</strong></span> <span class='ocrx_word' id='word_1_54' title='bbox 757 1189 975 1276; x_wconf 79' lang='grc' dir='ltr'><strong>ἱκανοτυίησιν</strong></span> <span class='ocrx_word' id='word_1_55' title='bbox 998 1193 1116 1255; x_wconf 85' lang='grc' dir='ltr'><strong>τανίων</strong></span> <span class='ocrx_word' id='word_1_56' title='bbox 1147 1190 1330 1274; x_wconf 78' lang='grc' dir='ltr'><strong>μετσζωτῦν</strong></span> 
     </span>
     <span class='ocr_line' id='line_1_8' title="bbox 67 1311 1330 1401; baseline 0.002 -28"><span class='ocrx_word' id='word_1_57' title='bbox 67 1315 115 1374; x_wconf 85' lang='grc' dir='ltr'><strong>καί</strong></span> <span class='ocrx_word' id='word_1_58' title='bbox 137 1317 262 1399; x_wconf 80' lang='grc' dir='ltr'><strong>τζσχῦν</strong></span> <span class='ocrx_word' id='word_1_59' title='bbox 285 1317 340 1378; x_wconf 84' lang='grc' dir='ltr'><strong>καί</strong></span> <span class='ocrx_word' id='word_1_60' title='bbox 365 1311 471 1378; x_wconf 79' lang='grc' dir='ltr'><strong>ἄλλων</strong></span> <span class='ocrx_word' id='word_1_61' title='bbox 494 1312 585 1378; x_wconf 82' lang='grc' dir='ltr'><strong>είδῦν</strong></span> <span class='ocrx_word' id='word_1_62' title='bbox 609 1317 834 1401; x_wconf 81' lang='grc' dir='ltr'><strong>κρατηδίντων</strong></span> <span class='ocrx_word' id='word_1_63' title='bbox 856 1318 944 1399; x_wconf 84' lang='grc' dir='ltr'><strong>ταρὰ</strong></span> <span class='ocrx_word' id='word_1_64' title='bbox 969 1311 1143 1398; x_wconf 75' lang='grc' dir='ltr'><strong>ἀνθρώπων</strong></span> <span class='ocrx_word' id='word_1_65' title='bbox 1164 1321 1220 1400; x_wconf 78' lang='grc' dir='ltr'><strong>τῆς</strong></span> <span class='ocrx_word' id='word_1_66' title='bbox 1237 1314 1330 1398; x_wconf 88' lang='grc' dir='ltr'><strong>βασι-</strong></span> 
     </span>
     <span class='ocr_line' id='line_1_9' title="bbox 67 1409 1329 1540; baseline 0.003 -42"><span class='ocrx_word' id='word_1_67' title='bbox 67 1437 148 1508; x_wconf 86' lang='grc' dir='ltr'><strong>λείας</strong></span> <span class='ocrx_word' id='word_1_68' title='bbox 173 1459 235 1522; x_wconf 88' lang='grc' dir='ltr'><strong>μου</strong></span> <span class='ocrx_word' id='word_1_69' title='bbox 257 1442 328 1523; x_wconf 80' lang='grc' dir='ltr'><strong>περί</strong></span> <span class='ocrx_word' id='word_1_70' title='bbox 350 1441 405 1504; x_wconf 84' lang='grc' dir='ltr'><strong>τόν</strong></span> <span class='ocrx_word' id='word_1_71' title='bbox 419 1439 533 1524; x_wconf 79' lang='grc' dir='ltr'><strong>λιμίνα</strong></span> <span class='ocrx_word' id='word_1_72' title='bbox 556 1447 612 1504; x_wconf 87' lang='grc' dir='ltr'><strong>τοῦ</strong></span> <span class='ocrx_word' id='word_1_73' title='bbox 634 1435 740 1524; x_wconf 88' lang='grc' dir='ltr'><strong>Ἱεροῦ,</strong></span> <span class='ocrx_word' id='word_1_74' title='bbox 763 1443 834 1524; x_wconf 79' lang='grc' dir='ltr'><strong>περί</strong></span> <span class='ocrx_word' id='word_1_75' title='bbox 857 1436 899 1504; x_wconf 77' lang='grc' dir='ltr'><strong>ὧν</strong></span> <span class='ocrx_word' id='word_1_76' title='bbox 923 1438 1037 1516; x_wconf 73' lang='grc' dir='ltr'><strong>ἔταξαν</strong></span> <span class='ocrx_word' id='word_1_77' title='bbox 1061 1443 1117 1505; x_wconf 88' lang='grc' dir='ltr'><strong>καί</strong></span> <span class='ocrx_word' id='word_1_78' title='bbox 1131 1409 1329 1540; x_wconf 18' lang='grc' dir='ltr'><strong>’,ύιτεσχιίδηυ</strong></span> 
     </span>
     <span class='ocr_line' id='line_1_10' title="bbox 66 1555 1330 1660; baseline 0.002 -38"><span class='ocrx_word' id='word_1_79' title='bbox 66 1583 119 1622; x_wconf 89' lang='grc' dir='ltr'><strong>σαν</strong></span> <span class='ocrx_word' id='word_1_80' title='bbox 147 1559 180 1624; x_wconf 88' lang='grc' dir='ltr'><strong>οί</strong></span> <span class='ocrx_word' id='word_1_81' title='bbox 209 1555 363 1647; x_wconf 72' lang='grc' dir='ltr'><strong>ῥηθέντες</strong></span> <span class='ocrx_word' id='word_1_82' title='bbox 392 1558 540 1650; x_wconf 73' lang='grc' dir='ltr'><strong>ημότεροι</strong></span> <span class='ocrx_word' id='word_1_83' title='bbox 570 1563 729 1660; x_wconf 81' lang='grc' dir='ltr'><strong>τρίοβεις,</strong></span> <span class='ocrx_word' id='word_1_84' title='bbox 763 1560 816 1628; x_wconf 80' lang='grc' dir='ltr'><strong>ἵνα</strong></span> <span class='ocrx_word' id='word_1_85' title='bbox 843 1561 929 1646; x_wconf 82' lang='grc' dir='ltr'><strong>εύτιρ</strong></span> <span class='ocrx_word' id='word_1_86' title='bbox 958 1559 1050 1628; x_wconf 78' lang='grc' dir='ltr'><strong>ούδίν</strong></span> <span class='ocrx_word' id='word_1_87' title='bbox 1079 1561 1243 1649; x_wconf 70' lang='grc' dir='ltr'><strong>ἐδόθησαν</strong></span> <span class='ocrx_word' id='word_1_88' title='bbox 1275 1563 1330 1626; x_wconf 84' lang='grc' dir='ltr'><strong>καί</strong></span> 
     </span>
     <span class='ocr_line' id='line_1_11' title="bbox 65 1679 1329 1781; baseline 0.004 -36"><span class='ocrx_word' id='word_1_89' title='bbox 65 1679 323 1772; x_wconf 85' lang='grc' dir='ltr'><strong>ἀντεστροίρησαν</strong></span> <span class='ocrx_word' id='word_1_90' title='bbox 352 1693 452 1750; x_wconf 90' lang='grc' dir='ltr'><strong>ταῦτα</strong></span> <span class='ocrx_word' id='word_1_91' title='bbox 474 1689 551 1772; x_wconf 87' lang='grc' dir='ltr'><strong>τρύς</strong></span> <span class='ocrx_word' id='word_1_92' title='bbox 574 1689 627 1781; x_wconf 77' lang='grc' dir='ltr'><strong>τόν</strong></span> <span class='ocrx_word' id='word_1_93' title='bbox 650 1693 791 1752; x_wconf 89' lang='grc' dir='ltr'><strong>τοιοῦτον</strong></span> <span class='ocrx_word' id='word_1_94' title='bbox 819 1686 1055 1752; x_wconf 83' lang='grc' dir='ltr'><strong>Κωνσταντῖνυν</strong></span> <span class='ocrx_word' id='word_1_95' title='bbox 1076 1685 1097 1774; x_wconf 71' lang='grc' dir='ltr'><strong><em>ἢ</em></strong></span> <span class='ocrx_word' id='word_1_96' title='bbox 1120 1689 1198 1772; x_wconf 86' lang='grc' dir='ltr'><strong>τρύς</strong></span> <span class='ocrx_word' id='word_1_97' title='bbox 1221 1684 1329 1771; x_wconf 67' lang='grc' dir='ltr'><strong>ἕτερον</strong></span> 
     </span>
     <span class='ocr_line' id='line_1_12' title="bbox 65 1780 1327 1897; baseline 0.004 -26"><span class='ocrx_word' id='word_1_98' title='bbox 65 1806 105 1880; x_wconf 83' lang='grc' dir='ltr'><strong>τίς</strong></span> <span class='ocrx_word' id='word_1_99' title='bbox 133 1805 236 1895; x_wconf 85' lang='grc' dir='ltr'><strong>ὄνομα</strong></span> <span class='ocrx_word' id='word_1_100' title='bbox 265 1806 378 1887; x_wconf 78' lang='grc' dir='ltr'><strong>αὐτοῦ,</strong></span> <span class='ocrx_word' id='word_1_101' title='bbox 406 1808 459 1876; x_wconf 81' lang='grc' dir='ltr'><strong>ἵνα</strong></span> <span class='ocrx_word' id='word_1_102' title='bbox 487 1811 612 1876; x_wconf 81' lang='grc' dir='ltr'><strong>δοδῦσι</strong></span> <span class='ocrx_word' id='word_1_103' title='bbox 638 1815 694 1882; x_wconf 85' lang='grc' dir='ltr'><strong>καί</strong></span> <span class='ocrx_word' id='word_1_104' title='bbox 722 1821 822 1878; x_wconf 91' lang='grc' dir='ltr'><strong>ταῦτα</strong></span> <span class='ocrx_word' id='word_1_105' title='bbox 846 1816 885 1878; x_wconf 83' lang='grc' dir='ltr'><strong>τὰ</strong></span> <span class='ocrx_word' id='word_1_106' title='bbox 907 1813 1060 1879; x_wconf 74' lang='grc' dir='ltr'>διακόσια</span> <span class='ocrx_word' id='word_1_107' title='bbox 1088 1780 1327 1897; x_wconf 75' lang='grc' dir='ltr'><strong>τεσσαράκοντα</strong></span> 
     </span>
     <span class='ocr_line' id='line_1_13' title="bbox 64 1927 1326 2022; baseline 0.003 -28"><span class='ocrx_word' id='word_1_108' title='bbox 64 1927 217 2018; x_wconf 80' lang='grc' dir='ltr'><strong>ύιτὲριτυρα</strong></span> <span class='ocrx_word' id='word_1_109' title='bbox 240 1935 319 2018; x_wconf 80' lang='grc' dir='ltr'><strong>τορός</strong></span> <span class='ocrx_word' id='word_1_110' title='bbox 342 1936 396 1998; x_wconf 81' lang='grc' dir='ltr'><strong>τόν</strong></span> <span class='ocrx_word' id='word_1_111' title='bbox 419 1944 562 2001; x_wconf 87' lang='grc' dir='ltr'><strong>τοιοῦτον</strong></span> <span class='ocrx_word' id='word_1_112' title='bbox 584 1933 831 2002; x_wconf 84' lang='grc' dir='ltr'><strong>Κωνσταντῖνυν.</strong></span> <span class='ocrx_word' id='word_1_113' title='bbox 857 1935 904 1999; x_wconf 74' lang='grc' dir='ltr'><strong>ότι</strong></span> <span class='ocrx_word' id='word_1_114' title='bbox 926 1937 982 2021; x_wconf 78' lang='grc' dir='ltr'><strong>τὴν</strong></span> <span class='ocrx_word' id='word_1_115' title='bbox 1007 1937 1136 2022; x_wconf 76' lang='grc' dir='ltr'><strong>ζήτησιν</strong></span> <span class='ocrx_word' id='word_1_116' title='bbox 1159 1939 1215 1998; x_wconf 86' lang='grc' dir='ltr'><strong>καί</strong></span> <span class='ocrx_word' id='word_1_117' title='bbox 1238 1932 1326 2022; x_wconf 84' lang='grc' dir='ltr'><strong>ἀρει-</strong></span> 
     </span>
     <span class='ocr_line' id='line_1_14' title="bbox 63 2052 1324 2146; baseline 0.005 -30"><span class='ocrx_word' id='word_1_118' title='bbox 63 2057 114 2140; x_wconf 83' lang='grc' dir='ltr'><strong>λην</strong></span> <span class='ocrx_word' id='word_1_119' title='bbox 142 2065 199 2120; x_wconf 86' lang='grc' dir='ltr'><strong>τοῦ</strong></span> <span class='ocrx_word' id='word_1_120' title='bbox 234 2052 383 2136; x_wconf 89' lang='grc' dir='ltr'><strong>εύγενοῦς</strong></span> <span class='ocrx_word' id='word_1_121' title='bbox 408 2055 522 2144; x_wconf 85' lang='grc' dir='ltr'><strong>ἀνδρός</strong></span> <span class='ocrx_word' id='word_1_122' title='bbox 557 2057 710 2143; x_wconf 76' lang='grc' dir='ltr'><strong>Ἰακώβου</strong></span> <span class='ocrx_word' id='word_1_123' title='bbox 740 2058 946 2138; x_wconf 86' lang='grc' dir='ltr'><strong>Βαντελίνοο,</strong></span> <span class='ocrx_word' id='word_1_124' title='bbox 975 2063 1143 2146; x_wconf 79' lang='grc' dir='ltr'><strong>ζητοῦντος</strong></span> <span class='ocrx_word' id='word_1_125' title='bbox 1167 2053 1324 2144; x_wconf 80' lang='grc' dir='ltr'><strong>ύττὲριτυρα</strong></span> 
     </span>
     <span class='ocr_line' id='line_1_15' title="bbox 64 2179 1324 2284; baseline 0.004 -43"><span class='ocrx_word' id='word_1_126' title='bbox 64 2183 227 2263; x_wconf 72' lang='grc' dir='ltr'>τριακόσια</span> <span class='ocrx_word' id='word_1_127' title='bbox 250 2181 297 2254; x_wconf 77' lang='grc' dir='ltr'><strong>τίς</strong></span> <span class='ocrx_word' id='word_1_128' title='bbox 320 2180 540 2270; x_wconf 82' lang='grc' dir='ltr'><strong>ἱκανοτοίησιν</strong></span> <span class='ocrx_word' id='word_1_129' title='bbox 568 2187 760 2270; x_wconf 84' lang='grc' dir='ltr'><strong>χρυσαρίου,</strong></span> <span class='ocrx_word' id='word_1_130' title='bbox 793 2180 933 2269; x_wconf 85' lang='grc' dir='ltr'><strong>ἀσημίου</strong></span> <span class='ocrx_word' id='word_1_131' title='bbox 955 2187 1009 2248; x_wconf 86' lang='grc' dir='ltr'><strong>καί</strong></span> <span class='ocrx_word' id='word_1_132' title='bbox 1035 2179 1205 2268; x_wconf 83' lang='grc' dir='ltr'><strong>μαργάρων</strong></span> <span class='ocrx_word' id='word_1_133' title='bbox 1228 2179 1324 2284; x_wconf 78' lang='grc' dir='ltr'><strong>ὄντων</strong></span> 
     </span>
     <span class='ocr_line' id='line_1_16' title="bbox 63 2299 1325 2392; baseline 0.003 -28"><span class='ocrx_word' id='word_1_134' title='bbox 63 2313 147 2392; x_wconf 79' lang='grc' dir='ltr'><strong>τιμῆς</strong></span> <span class='ocrx_word' id='word_1_135' title='bbox 173 2299 355 2390; x_wconf 84' lang='grc' dir='ltr'><strong>ύτερτῦρων</strong></span> <span class='ocrx_word' id='word_1_136' title='bbox 378 2311 600 2390; x_wconf 88' lang='grc' dir='ltr'><strong>τετρακοσίων,</strong></span> <span class='ocrx_word' id='word_1_137' title='bbox 625 2303 716 2372; x_wconf 83' lang='grc' dir='ltr'><strong>ἅτινα</strong></span> <span class='ocrx_word' id='word_1_138' title='bbox 740 2307 779 2392; x_wconf 80' lang='grc' dir='ltr'><strong>δὴ</strong></span> <span class='ocrx_word' id='word_1_139' title='bbox 802 2309 978 2392; x_wconf 74' lang='grc' dir='ltr'><strong>πράγματα</strong></span> <span class='ocrx_word' id='word_1_140' title='bbox 999 2305 1126 2392; x_wconf 66' lang='grc' dir='ltr'><strong>ἐκράτει</strong></span> <span class='ocrx_word' id='word_1_141' title='bbox 1150 2303 1195 2381; x_wconf 79' lang='grc' dir='ltr'><strong>εἰς</strong></span> <span class='ocrx_word' id='word_1_142' title='bbox 1215 2302 1325 2392; x_wconf 74' lang='grc' dir='ltr'><strong>ἀνόχο·</strong></span> 
     </span>
     <span class='ocr_line' id='line_1_17' title="bbox 63 2426 1324 2518; baseline 0.004 -26"><span class='ocrx_word' id='word_1_143' title='bbox 63 2449 110 2510; x_wconf 88' lang='grc' dir='ltr'><strong>ρον</strong></span> <span class='ocrx_word' id='word_1_144' title='bbox 132 2426 243 2494; x_wconf 76' lang='grc' dir='ltr'><strong>ἕνεκεν</strong></span> <span class='ocrx_word' id='word_1_145' title='bbox 266 2439 327 2494; x_wconf 78' lang='grc' dir='ltr'><strong>τῶν</strong></span> <span class='ocrx_word' id='word_1_146' title='bbox 351 2430 593 2518; x_wconf 72' lang='grc' dir='ltr'><strong>διαληφθέντων</strong></span> <span class='ocrx_word' id='word_1_147' title='bbox 617 2436 805 2516; x_wconf 72' lang='grc' dir='ltr'><strong>τριακοσίων</strong></span> <span class='ocrx_word' id='word_1_148' title='bbox 829 2427 1008 2518; x_wconf 83' lang='grc' dir='ltr'><strong>ύττερτύρων</strong></span> <span class='ocrx_word' id='word_1_149' title='bbox 1032 2428 1095 2496; x_wconf 84' lang='grc' dir='ltr'><strong>ἀιτύ</strong></span> <span class='ocrx_word' id='word_1_150' title='bbox 1120 2429 1245 2511; x_wconf 83' lang='grc' dir='ltr'><strong>Σιτανρῦ</strong></span> <span class='ocrx_word' id='word_1_151' title='bbox 1269 2439 1324 2497; x_wconf 92' lang='grc' dir='ltr'><strong>τοῦ</strong></span> 
     </span>
     <span class='ocr_line' id='line_1_18' title="bbox 63 2551 1325 2644; baseline 0.004 -27"><span class='ocrx_word' id='word_1_152' title='bbox 63 2551 208 2641; x_wconf 81' lang='grc' dir='ltr'><strong>Σταρσίτη</strong></span> <span class='ocrx_word' id='word_1_153' title='bbox 223 2559 278 2619; x_wconf 81' lang='grc' dir='ltr'><strong>καί</strong></span> <span class='ocrx_word' id='word_1_154' title='bbox 297 2555 458 2642; x_wconf 77' lang='grc' dir='ltr'><strong>Στεφάνου</strong></span> <span class='ocrx_word' id='word_1_155' title='bbox 481 2565 536 2623; x_wconf 87' lang='grc' dir='ltr'><strong>τοῦ</strong></span> <span class='ocrx_word' id='word_1_156' title='bbox 559 2554 727 2634; x_wconf 81' lang='grc' dir='ltr'><strong>Λυκσυδά,</strong></span> <span class='ocrx_word' id='word_1_157' title='bbox 750 2567 999 2644; x_wconf 86' lang='grc' dir='ltr'><strong>τιραγματευτῦν</strong></span> <span class='ocrx_word' id='word_1_158' title='bbox 1020 2555 1208 2636; x_wconf 82' lang='grc' dir='ltr'><strong>Ἰωαννιτῦν,</strong></span> <span class='ocrx_word' id='word_1_159' title='bbox 1233 2553 1325 2622; x_wconf 76' lang='grc' dir='ltr'><strong>ἅτινα</strong></span> 
     </span>
     <span class='ocr_line' id='line_1_19' title="bbox 62 2676 1324 2780; baseline 0.002 -40"><span class='ocrx_word' id='word_1_160' title='bbox 62 2677 235 2765; x_wconf 70' lang='grc' dir='ltr'><strong>δυναστικιρ</strong></span> <span class='ocrx_word' id='word_1_161' title='bbox 260 2683 364 2765; x_wconf 74' lang='grc' dir='ltr'><strong>τρόπω</strong></span> <span class='ocrx_word' id='word_1_162' title='bbox 392 2676 540 2767; x_wconf 71' lang='grc' dir='ltr'><strong>ἥρπασαν</strong></span> <span class='ocrx_word' id='word_1_163' title='bbox 563 2678 595 2746; x_wconf 78' lang='grc' dir='ltr'><strong>οἱ</strong></span> <span class='ocrx_word' id='word_1_164' title='bbox 617 2679 679 2746; x_wconf 82' lang='grc' dir='ltr'><strong>ἀττό</strong></span> <span class='ocrx_word' id='word_1_165' title='bbox 704 2690 758 2746; x_wconf 89' lang='grc' dir='ltr'><strong>τοῦ</strong></span> <span class='ocrx_word' id='word_1_166' title='bbox 781 2677 946 2758; x_wconf 80' lang='grc' dir='ltr'><strong>Αύλῦνος,</strong></span> <span class='ocrx_word' id='word_1_167' title='bbox 967 2679 1039 2780; x_wconf 31' lang='grc' dir='ltr'><strong>όιτε</strong></span> <span class='ocrx_word' id='word_1_168' title='bbox 1063 2681 1219 2764; x_wconf 79' lang='grc' dir='ltr'><strong>σεβαστός</strong></span> <span class='ocrx_word' id='word_1_169' title='bbox 1242 2679 1324 2747; x_wconf 87' lang='grc' dir='ltr'><strong>Θεό-</strong></span> 
     </span>
    </p>
   </div>
   <div class='ocr_carea' id='block_1_3' title="bbox 62 2799 1323 2892">
    <p class='ocr_par' dir='ltr' id='par_1_3' title="bbox 62 2799 1323 2892">
     <span class='ocr_line' id='line_1_20' title="bbox 62 2799 1323 2892; baseline 0.004 -28"><span class='ocrx_word' id='word_1_170' title='bbox 62 2799 155 2887; x_wconf 86' lang='grc' dir='ltr'><strong>δωρος</strong></span> <span class='ocrx_word' id='word_1_171' title='bbox 178 2799 196 2868; x_wconf 85' lang='grc' dir='ltr'>ό</span> <span class='ocrx_word' id='word_1_172' title='bbox 219 2801 392 2876; x_wconf 80' lang='grc' dir='ltr'><strong>Λυκουδᾶς</strong></span> <span class='ocrx_word' id='word_1_173' title='bbox 414 2809 472 2870; x_wconf 78' lang='grc' dir='ltr'><strong>καὶ</strong></span> <span class='ocrx_word' id='word_1_174' title='bbox 494 2803 627 2890; x_wconf 75' lang='grc' dir='ltr'><strong>Μιχαὴλ</strong></span> <span class='ocrx_word' id='word_1_175' title='bbox 651 2801 667 2870; x_wconf 81' lang='grc' dir='ltr'>ό</span> <span class='ocrx_word' id='word_1_176' title='bbox 692 2803 883 2892; x_wconf 80' lang='grc' dir='ltr'><strong>Μαλάγαρις</strong></span> <span class='ocrx_word' id='word_1_177' title='bbox 907 2801 969 2870; x_wconf 85' lang='grc' dir='ltr'><strong>ἀιτύ</strong></span> <span class='ocrx_word' id='word_1_178' title='bbox 997 2803 1163 2880; x_wconf 89' lang='grc' dir='ltr'><strong>Τζιαννίου</strong></span> <span class='ocrx_word' id='word_1_179' title='bbox 1183 2808 1234 2870; x_wconf 83' lang='grc' dir='ltr'><strong>ντὲ</strong></span> <span class='ocrx_word' id='word_1_180' title='bbox 1255 2803 1323 2869; x_wconf 86' lang='grc' dir='ltr'><strong>Βα·</strong></span> 
     </span>
    </p>
   </div>
   <div class='ocr_carea' id='block_1_4' title="bbox 60 2923 1323 3030">
    <p class='ocr_par' dir='ltr' id='par_1_4' title="bbox 60 2923 1323 3030">
     <span class='ocr_line' id='line_1_21' title="bbox 60 2923 1323 3030; baseline 0.004 -41"><span class='ocrx_word' id='word_1_181' title='bbox 60 2929 183 3008; x_wconf 78' lang='grc' dir='ltr'><strong>ριέντου,</strong></span> <span class='ocrx_word' id='word_1_182' title='bbox 208 2935 263 2990; x_wconf 91' lang='grc' dir='ltr'><strong>τοῦ</strong></span> <span class='ocrx_word' id='word_1_183' title='bbox 280 2925 411 3014; x_wconf 70' lang='grc' dir='ltr'><strong>ἀνεψιοῦ</strong></span> <span class='ocrx_word' id='word_1_184' title='bbox 426 2932 482 2992; x_wconf 83' lang='grc' dir='ltr'><strong>καί</strong></span> <span class='ocrx_word' id='word_1_185' title='bbox 499 2926 670 3023; x_wconf 81' lang='grc' dir='ltr'><strong>ἀνεργητρῦ</strong></span> <span class='ocrx_word' id='word_1_186' title='bbox 692 2937 751 2994; x_wconf 87' lang='grc' dir='ltr'><strong>Ιτοῦ</strong></span> <span class='ocrx_word' id='word_1_187' title='bbox 773 2923 928 3015; x_wconf 72' lang='grc' dir='ltr'><strong>ῥηθέντος</strong></span> <span class='ocrx_word' id='word_1_188' title='bbox 945 2927 1107 3030; x_wconf 73' lang='grc' dir='ltr'><strong>Ἰακώβου,</strong></span> <span class='ocrx_word' id='word_1_189' title='bbox 1124 2924 1160 2992; x_wconf 86' lang='grc' dir='ltr'><strong>ού</strong></span> <span class='ocrx_word' id='word_1_190' title='bbox 1185 2927 1230 3000; x_wconf 80' lang='grc' dir='ltr'><strong>τίς</strong></span> <span class='ocrx_word' id='word_1_191' title='bbox 1253 2941 1323 3014; x_wconf 84' lang='grc' dir='ltr'><strong>χεῖ-</strong></span> 
     </span>
    </p>
   </div>
   <div class='ocr_carea' id='block_1_5' title="bbox 59 3047 1324 4879">
    <p class='ocr_par' dir='ltr' id='par_1_5' title="bbox 59 3047 1324 4879">
     <span class='ocr_line' id='line_1_22' title="bbox 61 3047 1324 3142; baseline 0.003 -28"><span class='ocrx_word' id='word_1_192' title='bbox 61 3071 111 3132; x_wconf 92' lang='grc' dir='ltr'><strong>ρας</strong></span> <span class='ocrx_word' id='word_1_193' title='bbox 128 3047 327 3137; x_wconf 81' lang='grc' dir='ltr'><strong>ηὑρίσκοντο,</strong></span> <span class='ocrx_word' id='word_1_194' title='bbox 345 3048 588 3138; x_wconf 77' lang='grc' dir='ltr'><strong>ύιτοσχιδίντων</strong></span> <span class='ocrx_word' id='word_1_195' title='bbox 603 3063 662 3118; x_wconf 81' lang='grc' dir='ltr'><strong>τῶν</strong></span> <span class='ocrx_word' id='word_1_196' title='bbox 680 3051 970 3142; x_wconf 79' lang='grc' dir='ltr'><strong>ἀναγεγραρμίνμν</strong></span> <span class='ocrx_word' id='word_1_197' title='bbox 986 3050 1148 3141; x_wconf 79' lang='grc' dir='ltr'><strong>ημετίρων</strong></span> <span class='ocrx_word' id='word_1_198' title='bbox 1165 3054 1324 3139; x_wconf 80' lang='grc' dir='ltr'><strong>σράσβεινν</strong></span> 
     </span>
     <span class='ocr_line' id='line_1_23' title="bbox 60 3171 1321 3278; baseline 0.002 -40"><span class='ocrx_word' id='word_1_199' title='bbox 60 3171 300 3264; x_wconf 77' lang='grc' dir='ltr'><strong>ἀναστραφῆναι</strong></span> <span class='ocrx_word' id='word_1_200' title='bbox 318 3178 396 3262; x_wconf 84' lang='grc' dir='ltr'><strong>τριλς</strong></span> <span class='ocrx_word' id='word_1_201' title='bbox 417 3178 478 3272; x_wconf 82' lang='grc' dir='ltr'><strong>τόνΙ</strong></span> <span class='ocrx_word' id='word_1_202' title='bbox 491 3187 633 3272; x_wconf 87' lang='grc' dir='ltr'><strong>τοιοῦτον</strong></span> <span class='ocrx_word' id='word_1_203' title='bbox 649 3175 805 3274; x_wconf 78' lang='grc' dir='ltr'><strong>Ἰάκωβον</strong></span> <span class='ocrx_word' id='word_1_204' title='bbox 816 3180 855 3242; x_wconf 80' lang='grc' dir='ltr'><strong>τά</strong></span> <span class='ocrx_word' id='word_1_205' title='bbox 871 3173 1013 3278; x_wconf 69' lang='grc' dir='ltr'><strong>ῥηδίντα</strong></span> <span class='ocrx_word' id='word_1_206' title='bbox 1029 3174 1207 3264; x_wconf 78' lang='grc' dir='ltr'><strong>ἀνίχυρα,ἢ</strong></span> <span class='ocrx_word' id='word_1_207' title='bbox 1232 3180 1321 3254; x_wconf 68' lang='grc' dir='ltr'><strong>γενέ·</strong></span> 
     </span>
     <span class='ocr_line' id='line_1_24' title="bbox 60 3268 1320 3398; baseline 0.002 -38"><span class='ocrx_word' id='word_1_208' title='bbox 60 3299 135 3364; x_wconf 78' lang='grc' dir='ltr'><strong>σόαι</strong></span> <span class='ocrx_word' id='word_1_209' title='bbox 157 3295 243 3384; x_wconf 78' lang='grc' dir='ltr'><strong>αύτῷ</strong></span> <span class='ocrx_word' id='word_1_210' title='bbox 264 3297 485 3388; x_wconf 80' lang='grc' dir='ltr'><strong>ίκανοττοίησιν</strong></span> <span class='ocrx_word' id='word_1_211' title='bbox 508 3311 568 3368; x_wconf 83' lang='grc' dir='ltr'><strong>τῶν</strong></span> <span class='ocrx_word' id='word_1_212' title='bbox 592 3302 739 3398; x_wconf 81' lang='grc' dir='ltr'><strong>τοιούτων</strong></span> <span class='ocrx_word' id='word_1_213' title='bbox 763 3305 952 3386; x_wconf 80' lang='grc' dir='ltr'><strong>τριακοσίων</strong></span> <span class='ocrx_word' id='word_1_214' title='bbox 976 3268 1164 3386; x_wconf 78' lang='grc' dir='ltr'><strong>ύγιερτύρων.</strong></span> <span class='ocrx_word' id='word_1_215' title='bbox 1195 3299 1241 3364; x_wconf 73' lang='grc' dir='ltr'><strong>ἔτι</strong></span> <span class='ocrx_word' id='word_1_216' title='bbox 1265 3299 1320 3385; x_wconf 74' lang='grc' dir='ltr'><strong>την</strong></span> 
     </span>
     <span class='ocr_line' id='line_1_25' title="bbox 61 3420 1321 3518; baseline -0.002 -24"><span class='ocrx_word' id='word_1_217' title='bbox 61 3424 185 3509; x_wconf 67' lang='grc' dir='ltr'><strong>ζήτησιν</strong></span> <span class='ocrx_word' id='word_1_218' title='bbox 211 3427 266 3518; x_wconf 80' lang='grc' dir='ltr'><strong>καί</strong></span> <span class='ocrx_word' id='word_1_219' title='bbox 294 3420 424 3512; x_wconf 78' lang='grc' dir='ltr'><strong>δρειλην</strong></span> <span class='ocrx_word' id='word_1_220' title='bbox 458 3435 520 3491; x_wconf 84' lang='grc' dir='ltr'><strong>των</strong></span> <span class='ocrx_word' id='word_1_221' title='bbox 554 3421 688 3505; x_wconf 85' lang='grc' dir='ltr'><strong>εύγενῦν</strong></span> <span class='ocrx_word' id='word_1_222' title='bbox 723 3421 859 3509; x_wconf 75' lang='grc' dir='ltr'><strong>ἀνδρῶν,</strong></span> <span class='ocrx_word' id='word_1_223' title='bbox 894 3421 1155 3504; x_wconf 82' lang='grc' dir='ltr'><strong>τοῦΝιιιολέτου</strong></span> <span class='ocrx_word' id='word_1_224' title='bbox 1181 3427 1239 3488; x_wconf 88' lang='grc' dir='ltr'><strong>καί</strong></span> <span class='ocrx_word' id='word_1_225' title='bbox 1266 3432 1321 3504; x_wconf 87' lang='grc' dir='ltr'><strong>τοῦ</strong></span> 
     </span>
     <span class='ocr_line' id='line_1_26' title="bbox 59 3520 1321 3634; baseline 0.001 -24"><span class='ocrx_word' id='word_1_226' title='bbox 59 3542 187 3631; x_wconf 80' lang='grc' dir='ltr'><strong>Μάρκου</strong></span> <span class='ocrx_word' id='word_1_227' title='bbox 209 3545 416 3633; x_wconf 83' lang='grc' dir='ltr'><strong>Κυνταρίνου,</strong></span> <span class='ocrx_word' id='word_1_228' title='bbox 442 3549 617 3634; x_wconf 72' lang='grc' dir='ltr'><strong>ζητούντων</strong></span> <span class='ocrx_word' id='word_1_229' title='bbox 646 3544 805 3634; x_wconf 74' lang='grc' dir='ltr'><strong>ύιτὲριιορα</strong></span> <span class='ocrx_word' id='word_1_230' title='bbox 828 3548 919 3634; x_wconf 84' lang='grc' dir='ltr'><strong>χίλια</strong></span> <span class='ocrx_word' id='word_1_231' title='bbox 946 3520 1061 3614; x_wconf 78' lang='grc' dir='ltr'><strong>όκατόν</strong></span> <span class='ocrx_word' id='word_1_232' title='bbox 1085 3546 1240 3634; x_wconf 69' lang='grc' dir='ltr'><strong>ἑξήκοντα</strong></span> <span class='ocrx_word' id='word_1_233' title='bbox 1264 3548 1321 3612; x_wconf 88' lang='grc' dir='ltr'><strong>δύο</strong></span> 
     </span>
     <span class='ocr_line' id='line_1_27' title="bbox 60 3666 1322 3770; baseline 0.002 -34"><span class='ocrx_word' id='word_1_234' title='bbox 60 3666 150 3755; x_wconf 76' lang='grc' dir='ltr'><strong>ἥμισυ</strong></span> <span class='ocrx_word' id='word_1_235' title='bbox 178 3671 222 3744; x_wconf 80' lang='grc' dir='ltr'><strong>εἰς</strong></span> <span class='ocrx_word' id='word_1_236' title='bbox 250 3671 469 3770; x_wconf 82' lang='grc' dir='ltr'><strong>ἱκανοτοίησιν</strong></span> <span class='ocrx_word' id='word_1_237' title='bbox 505 3684 565 3740; x_wconf 80' lang='grc' dir='ltr'><strong>τῦν</strong></span> <span class='ocrx_word' id='word_1_238' title='bbox 591 3677 785 3760; x_wconf 73' lang='grc' dir='ltr'><strong>πραγμάτων</strong></span> <span class='ocrx_word' id='word_1_239' title='bbox 814 3670 932 3752; x_wconf 76' lang='grc' dir='ltr'><strong>αὐτῶν,</strong></span> <span class='ocrx_word' id='word_1_240' title='bbox 968 3670 1047 3760; x_wconf 77' lang='grc' dir='ltr'><strong>ἅπερ</strong></span> <span class='ocrx_word' id='word_1_241' title='bbox 1078 3673 1237 3762; x_wconf 70' lang='grc' dir='ltr'><strong>ἐκράτησε</strong></span> <span class='ocrx_word' id='word_1_242' title='bbox 1265 3678 1322 3740; x_wconf 89' lang='grc' dir='ltr'><strong>καί</strong></span> 
     </span>
     <span class='ocr_line' id='line_1_28' title="bbox 62 3791 1321 3886; baseline 0.004 -28"><span class='ocrx_word' id='word_1_243' title='bbox 62 3791 154 3882; x_wconf 73' lang='grc' dir='ltr'><strong>ἀτηρι</strong></span> <span class='ocrx_word' id='word_1_244' title='bbox 178 3795 357 3883; x_wconf 74' lang='grc' dir='ltr'><strong>δοναστικῴ</strong></span> <span class='ocrx_word' id='word_1_245' title='bbox 377 3799 482 3882; x_wconf 84' lang='grc' dir='ltr'><strong>τρόιιιρ</strong></span> <span class='ocrx_word' id='word_1_246' title='bbox 506 3793 523 3862; x_wconf 85' lang='grc' dir='ltr'><strong>ὁ</strong></span> <span class='ocrx_word' id='word_1_247' title='bbox 546 3795 716 3882; x_wconf 81' lang='grc' dir='ltr'><strong>Λάσκαρις</strong></span> <span class='ocrx_word' id='word_1_248' title='bbox 740 3795 757 3862; x_wconf 84' lang='grc' dir='ltr'>ό</span> <span class='ocrx_word' id='word_1_249' title='bbox 781 3795 826 3872; x_wconf 74' lang='grc' dir='ltr'><strong>εἰς</strong></span> <span class='ocrx_word' id='word_1_250' title='bbox 849 3799 993 3886; x_wconf 81' lang='grc' dir='ltr'><strong>κεφαλὴν</strong></span> <span class='ocrx_word' id='word_1_251' title='bbox 1018 3794 1242 3885; x_wconf 75' lang='grc' dir='ltr'><strong>εὑρισκόμενος</strong></span> <span class='ocrx_word' id='word_1_252' title='bbox 1266 3805 1321 3864; x_wconf 89' lang='grc' dir='ltr'><strong>τοῦ</strong></span> 
     </span>
     <span class='ocr_line' id='line_1_29' title="bbox 61 3915 1320 4012; baseline 0.005 -30"><span class='ocrx_word' id='word_1_253' title='bbox 61 3923 192 4004; x_wconf 81' lang='grc' dir='ltr'><strong>κάστροο</strong></span> <span class='ocrx_word' id='word_1_254' title='bbox 207 3919 361 3998; x_wconf 85' lang='grc' dir='ltr'><strong>Κανίνων,</strong></span> <span class='ocrx_word' id='word_1_255' title='bbox 386 3929 440 3986; x_wconf 89' lang='grc' dir='ltr'><strong>τοῦ</strong></span> <span class='ocrx_word' id='word_1_256' title='bbox 457 3915 607 3993; x_wconf 85' lang='grc' dir='ltr'><strong>Αύλῦνος</strong></span> <span class='ocrx_word' id='word_1_257' title='bbox 623 3924 678 3986; x_wconf 87' lang='grc' dir='ltr'><strong>καί</strong></span> <span class='ocrx_word' id='word_1_258' title='bbox 702 3931 761 3986; x_wconf 83' lang='grc' dir='ltr'><strong>τῦν</strong></span> <span class='ocrx_word' id='word_1_259' title='bbox 779 3919 884 3986; x_wconf 88' lang='grc' dir='ltr'><strong>ἀλλων</strong></span> <span class='ocrx_word' id='word_1_260' title='bbox 908 3919 1010 3986; x_wconf 78' lang='grc' dir='ltr'><strong>ἐκιίσε</strong></span> <span class='ocrx_word' id='word_1_261' title='bbox 1034 3931 1156 4007; x_wconf 77' lang='grc' dir='ltr'><strong>χωρῶν,</strong></span> <span class='ocrx_word' id='word_1_262' title='bbox 1180 3917 1320 4012; x_wconf 86' lang='grc' dir='ltr'><strong>ύττοσχε·</strong></span> 
     </span>
     <span class='ocr_line' id='line_1_30' title="bbox 62 4041 1319 4137; baseline 0.005 -31"><span class='ocrx_word' id='word_1_263' title='bbox 62 4045 172 4108; x_wconf 78' lang='grc' dir='ltr'><strong>δόντων</strong></span> <span class='ocrx_word' id='word_1_264' title='bbox 196 4055 256 4113; x_wconf 81' lang='grc' dir='ltr'><strong>τῦν</strong></span> <span class='ocrx_word' id='word_1_265' title='bbox 280 4043 569 4137; x_wconf 72' lang='grc' dir='ltr'><strong>ἀναγεγραμμένων</strong></span> <span class='ocrx_word' id='word_1_266' title='bbox 598 4041 846 4132; x_wconf 86' lang='grc' dir='ltr'><strong>ἀτοκρισιαρίων</strong></span> <span class='ocrx_word' id='word_1_267' title='bbox 874 4055 931 4132; x_wconf 82' lang='grc' dir='ltr'><strong>της</strong></span> <span class='ocrx_word' id='word_1_268' title='bbox 955 4045 1119 4128; x_wconf 80' lang='grc' dir='ltr'><strong>βασιλείας</strong></span> <span class='ocrx_word' id='word_1_269' title='bbox 1143 4067 1204 4130; x_wconf 90' lang='grc' dir='ltr'><strong>μου</strong></span> <span class='ocrx_word' id='word_1_270' title='bbox 1228 4050 1319 4128; x_wconf 76' lang='grc' dir='ltr'><strong>γενό-</strong></span> 
     </span>
     <span class='ocr_line' id='line_1_31' title="bbox 62 4165 1320 4265; baseline 0.002 -34"><span class='ocrx_word' id='word_1_271' title='bbox 62 4169 133 4232; x_wconf 80' lang='grc' dir='ltr'><strong>σδαι</strong></span> <span class='ocrx_word' id='word_1_272' title='bbox 156 4167 376 4259; x_wconf 80' lang='grc' dir='ltr'><strong>ἱκανυτσίησιν</strong></span> <span class='ocrx_word' id='word_1_273' title='bbox 399 4167 444 4242; x_wconf 76' lang='grc' dir='ltr'><strong>εἰς</strong></span> <span class='ocrx_word' id='word_1_274' title='bbox 469 4165 584 4242; x_wconf 87' lang='grc' dir='ltr'><strong>αύτούς</strong></span> <span class='ocrx_word' id='word_1_275' title='bbox 606 4167 715 4265; x_wconf 71' lang='grc' dir='ltr'><strong>ἕνεκεν</strong></span> <span class='ocrx_word' id='word_1_276' title='bbox 739 4170 973 4246; x_wconf 76' lang='grc' dir='ltr'><strong>τῶντοιούτων</strong></span> <span class='ocrx_word' id='word_1_277' title='bbox 1000 4169 1110 4254; x_wconf 82' lang='grc' dir='ltr'><strong>χιλίων</strong></span> <span class='ocrx_word' id='word_1_278' title='bbox 1135 4167 1250 4236; x_wconf 83' lang='grc' dir='ltr'><strong>ἑκατόν</strong></span> <span class='ocrx_word' id='word_1_279' title='bbox 1265 4167 1320 4234; x_wconf 80' lang='grc' dir='ltr'><strong>,εἰ-</strong></span> 
     </span>
     <span class='ocr_line' id='line_1_32' title="bbox 61 4289 1319 4381; baseline 0.006 -28"><span class='ocrx_word' id='word_1_280' title='bbox 61 4293 182 4356; x_wconf 85' lang='grc' dir='ltr'><strong>κοσιδύο</strong></span> <span class='ocrx_word' id='word_1_281' title='bbox 217 4289 315 4379; x_wconf 82' lang='grc' dir='ltr'><strong>ἥμισυ</strong></span> <span class='ocrx_word' id='word_1_282' title='bbox 349 4291 542 4378; x_wconf 86' lang='grc' dir='ltr'><strong>ύττερκύρων,</strong></span> <span class='ocrx_word' id='word_1_283' title='bbox 579 4291 617 4366; x_wconf 78' lang='grc' dir='ltr'><strong>ἃς</strong></span> <span class='ocrx_word' id='word_1_284' title='bbox 651 4292 733 4378; x_wconf 81' lang='grc' dir='ltr'><strong>δῆτα</strong></span> <span class='ocrx_word' id='word_1_285' title='bbox 761 4290 999 4379; x_wconf 81' lang='grc' dir='ltr'><strong>ἱκανοιτοιήσεις</strong></span> <span class='ocrx_word' id='word_1_286' title='bbox 1032 4297 1087 4358; x_wconf 90' lang='grc' dir='ltr'><strong>καί</strong></span> <span class='ocrx_word' id='word_1_287' title='bbox 1122 4291 1319 4381; x_wconf 79' lang='grc' dir='ltr'><strong>ἀτορλησεις</strong></span> 
     </span>
     <span class='ocr_line' id='line_1_33' title="bbox 62 4413 1317 4516; baseline 0.006 -42"><span class='ocrx_word' id='word_1_288' title='bbox 62 4418 282 4504; x_wconf 73' lang='grc' dir='ltr'><strong>τῶντοιούτων</strong></span> <span class='ocrx_word' id='word_1_289' title='bbox 306 4413 398 4484; x_wconf 72' lang='grc' dir='ltr'><strong>ἐννέα</strong></span> <span class='ocrx_word' id='word_1_290' title='bbox 421 4419 610 4503; x_wconf 72' lang='grc' dir='ltr'><strong>ζητημάτων</strong></span> <span class='ocrx_word' id='word_1_291' title='bbox 637 4419 693 4480; x_wconf 85' lang='grc' dir='ltr'><strong>καί</strong></span> <span class='ocrx_word' id='word_1_292' title='bbox 720 4413 855 4510; x_wconf 76' lang='grc' dir='ltr'><strong>ἀρειλῦν</strong></span> <span class='ocrx_word' id='word_1_293' title='bbox 885 4417 1046 4507; x_wconf 18' lang='grc' dir='ltr'><strong>καταιτόν</strong></span> <span class='ocrx_word' id='word_1_294' title='bbox 1069 4418 1163 4516; x_wconf 77' lang='grc' dir='ltr'><strong>τύπον</strong></span> <span class='ocrx_word' id='word_1_295' title='bbox 1186 4421 1242 4482; x_wconf 87' lang='grc' dir='ltr'><strong>καί</strong></span> <span class='ocrx_word' id='word_1_296' title='bbox 1266 4419 1317 4482; x_wconf 81' lang='grc' dir='ltr'><strong>τόν</strong></span> 
     </span>
     <span class='ocr_line' id='line_1_34' title="bbox 62 4535 1319 4628; baseline 0.004 -28"><span class='ocrx_word' id='word_1_297' title='bbox 62 4541 164 4622; x_wconf 72' lang='grc' dir='ltr'><strong>τρόπον</strong></span> <span class='ocrx_word' id='word_1_298' title='bbox 190 4543 244 4606; x_wconf 82' lang='grc' dir='ltr'><strong>τόν</strong></span> <span class='ocrx_word' id='word_1_299' title='bbox 274 4539 557 4626; x_wconf 75' lang='grc' dir='ltr'><strong>ἀναγεγραμμένον</strong></span> <span class='ocrx_word' id='word_1_300' title='bbox 590 4535 818 4626; x_wconf 74' lang='grc' dir='ltr'><strong>ύιτεσχέδησαν</strong></span> <span class='ocrx_word' id='word_1_301' title='bbox 847 4537 877 4604; x_wconf 84' lang='grc' dir='ltr'><strong>υἱ</strong></span> <span class='ocrx_word' id='word_1_302' title='bbox 905 4539 1137 4628; x_wconf 76' lang='grc' dir='ltr'><strong>διαληρδόντες</strong></span> <span class='ocrx_word' id='word_1_303' title='bbox 1172 4543 1319 4628; x_wconf 69' lang='grc' dir='ltr'><strong>πρέσβεις</strong></span> 
     </span>
     <span class='ocr_line' id='line_1_35' title="bbox 64 4629 1320 4760; baseline 0.002 -32"><span class='ocrx_word' id='word_1_304' title='bbox 64 4670 111 4746; x_wconf 76' lang='grc' dir='ltr'><strong>τῆς</strong></span> <span class='ocrx_word' id='word_1_305' title='bbox 132 4665 297 4747; x_wconf 87' lang='grc' dir='ltr'><strong>βασιλείας</strong></span> <span class='ocrx_word' id='word_1_306' title='bbox 321 4685 382 4750; x_wconf 92' lang='grc' dir='ltr'><strong>μου</strong></span> <span class='ocrx_word' id='word_1_307' title='bbox 405 4665 559 4742; x_wconf 75' lang='grc' dir='ltr'><strong>γενίσύαι</strong></span> <span class='ocrx_word' id='word_1_308' title='bbox 582 4667 639 4728; x_wconf 83' lang='grc' dir='ltr'><strong>καί</strong></span> <span class='ocrx_word' id='word_1_309' title='bbox 662 4629 864 4748; x_wconf 76' lang='grc' dir='ltr'><strong>ἀποδοθῆναι</strong></span> <span class='ocrx_word' id='word_1_310' title='bbox 882 4667 972 4760; x_wconf 82' lang='grc' dir='ltr'><strong>Ικατάι</strong></span> <span class='ocrx_word' id='word_1_311' title='bbox 996 4667 1031 4728; x_wconf 84' lang='grc' dir='ltr'><strong>τό</strong></span> <span class='ocrx_word' id='word_1_312' title='bbox 1057 4661 1208 4750; x_wconf 85' lang='grc' dir='ltr'><strong>ἀκίραιον</strong></span> <span class='ocrx_word' id='word_1_313' title='bbox 1231 4669 1320 4750; x_wconf 73' lang='grc' dir='ltr'><strong>παρὰ</strong></span> 
     </span>
     <span class='ocr_line' id='line_1_36' title="bbox 66 4785 1316 4879; baseline 0.007 -33"><span class='ocrx_word' id='word_1_314' title='bbox 66 4795 115 4848; x_wconf 84' lang='grc' dir='ltr'><strong>ιῦν</strong></span> <span class='ocrx_word' id='word_1_315' title='bbox 135 4787 322 4877; x_wconf 81' lang='grc' dir='ltr'><strong>ύρειλόντιιν</strong></span> <span class='ocrx_word' id='word_1_316' title='bbox 345 4796 445 4864; x_wconf 86' lang='grc' dir='ltr'><strong>ταῦτα</strong></span> <span class='ocrx_word' id='word_1_317' title='bbox 470 4785 558 4879; x_wconf 73' lang='grc' dir='ltr'><strong>ἐγγύς</strong></span> <span class='ocrx_word' id='word_1_318' title='bbox 574 4788 704 4871; x_wconf 88' lang='grc' dir='ltr'><strong>διωρίας</strong></span> <span class='ocrx_word' id='word_1_319' title='bbox 728 4790 844 4876; x_wconf 90' lang='grc' dir='ltr'><strong>χρόνου</strong></span> <span class='ocrx_word' id='word_1_320' title='bbox 868 4785 951 4867; x_wconf 77' lang='grc' dir='ltr'><strong>ἑνὸς,</strong></span> <span class='ocrx_word' id='word_1_321' title='bbox 977 4785 1156 4875; x_wconf 69' lang='grc' dir='ltr'><strong>ἀρχομένου</strong></span> <span class='ocrx_word' id='word_1_322' title='bbox 1178 4787 1239 4856; x_wconf 77' lang='grc' dir='ltr'><strong>ἀπὸ</strong></span> <span class='ocrx_word' id='word_1_323' title='bbox 1255 4801 1316 4855; x_wconf 76' lang='grc' dir='ltr'><strong>τῶν</strong></span> 
     </span>
    </p>
   </div>
   <div class='ocr_carea' id='block_1_6' title="bbox 0 0 1578 5268">
    <p class='ocr_par' dir='ltr' id='par_1_6' title="bbox 0 0 1578 5268">
     <span class='ocr_line' id='line_1_37' title="bbox 0 0 1578 5268; baseline 0 2"><span class='ocrx_word' id='word_1_324' title='bbox 0 0 1578 5268; x_wconf 95' lang='lat' dir='ltr'><strong> </strong></span> 
     </span>
    </p>
   </div>
  </div>
 </body>
</html>
