3114 5264
248 333 314 398 238

249 523 415 610 Θεόδωρον
432 519 483 588 ἐπί
506 520 549 606 τῷ
570 518 612 588 δι’
634 518 762 586 οἰκείων
785 517 901 598 ἐξόδων
925 540 987 607 μου
1009 517 1286 586 κατακολίσοιντδ
1308 512 1388 584 azzo*
1408 523 1519 604 ,τμῆμα

249 651 307 714 καί
334 646 485 735 οἰνόφυτα
512 653 752 734 καταφυτεῦσαι
773 648 832 712 καί
854 642 900 718 είς
924 641 1098 730 ἀμπελῶνα
1126 647 1323 732 μισαμεῐφαι
1343 645 1403 708 καί
1425 645 1520 707 κατέ·

250 791 320 858 χειν
345 767 440 836 αότῦν
464 769 520 834 σῦν
544 770 593 856 τῷ
609 773 697 855 μέρει
721 789 782 855 μου
804 769 882 854 πρὸς
905 769 941 834 τὸ
964 769 1022 832 καί
1043 767 1099 854 τῆν
1123 763 1156 842 δε
1179 759 1277 832 αὐτοῦ
1292 775 1401 832 πᾶσαν
1424 767 1521 850 πρόσ-

250 895 327 959 οδον
358 902 540 980 μονομεροῦς
571 889 793 981 ἀποφέρεσθαι
820 888 871 956 ἐπὶ
898 893 1027 977 χρόνοις
1057 888 1162 956 εἴκοσι
1188 892 1245 956 καί
1270 886 1362 971 πέντε
1385 891 1520 977 ψηφιζο-

252 1015 359 1106 μένοις
387 1010 440 1082 ἀπ’
470 1014 577 1104 ἀρχῆς
605 1025 660 1082 τοῦ
689 1015 901 1100 σεπτεμβρίου
929 1015 1029 1100 μηνός
1055 983 1112 1102 τῆς
1138 1013 1321 1100 μελλούσης
1344 1009 1444 1098 ίιιτης
1465 1009 1520 1076 ίνδ.

250 1151 308 1208 τοῦ
335 1139 436 1228 ,ςψκζ
465 1139 556 1214 ἔτους
583 1143 653 1206 καί.
667 1143 818 1226 παρέχειν
847 1136 983 1226 έτηοίως
1007 1141 1104 1225 ,χάριν
1131 1146 1186 1202 τοῦ
1217 1139 1436 1222 γενησομένου
1460 1131 1521 1222 ἆμ-

251 1265 394 1336 πελῦνος
427 1265 506 1350 πρός
542 1265 577 1327 σέ
605 1264 662 1326 καί
695 1263 731 1326 τό
762 1265 858 1348 μέρος
894 1283 952 1327 σου
986 1255 1046 1326 οῦκ
1082 1257 1289 1337 ἀπεντεῦθεν,
1325 1255 1411 1323 ἁλλὰ
1446 1261 1522 1344 μετὰ

251 1387 462 1476 παραδρομὴν
496 1388 618 1474 χρόνων
647 1386 718 1464 δῦο,
754 1383 825 1472 ἤτοι
852 1383 889 1452 ἐκ
917 1393 973 1474 τῆς
997 1381 1101 1474 ἆρχῆς
1130 1391 1186 1450 τοῦ
1216 1385 1380 1470 τρίεουετῦ
1405 1379 1522 1450 ἀναλο-

253 1520 330 1594 γοῦν
363 1515 442 1597 πρδς
476 1511 605 1576 δώδεκα
640 1510 827 1595 βασιλικοὺς
861 1510 991 1597 μοδίους
1025 1507 1068 1596 τῷ
1103 1505 1149 1574 ίνί
1184 1504 1349 1596 ὑπερπῦριρ
1381 1529 1431 1574 π.
1450 1557 1458 1574 .
1476 1529 1522 1574 .τ.

253 1635 325 1726 ἤτοι
352 1639 473 1702 κοκκίιι
501 1630 695 1721 θπερπυρικὰ
719 1635 753 1710 έξ
783 1629 988 1720 εὐγνωμόνως
1010 1629 1032 1720 ἢ
1056 1628 1243 1708 αὐτυθελῦς
1269 1635 1328 1698 καί
1352 1632 1523 1718 λαμβάνειν

256 1759 413 1836 ἀπόδειξιν
438 1757 503 1842 [έπί
525 1768 565 1845 τῆ
589 1760 657 1842 τοῦ]
683 1757 793 1832 τέλους
816 1756 1014 1844 κατα[βυλῆ]
1042 1757 1225 1842 προβαίνειν
1255 1751 1450 1844 ὀφείλουσαν
1473 1757 1524 1819 ταί

255 1889 338 1974 μετὰ
366 1886 421 1973 τῆν
451 1884 642 1972 έκμέτρησιν
670 1891 731 1948 τῶν
759 1889 815 1968 τῆς
842 1882 1005 1968 παρούσης
1032 1877 1193 1956 έκδόσεως
1220 1879 1323 1946 εἴκοσι
1350 1883 1408 1946 καί
1437 1883 1524 1945 πέντε

253 2011 376 2096 χρόνων
406 2017 463 2096 τῆς
486 2007 682 2091 βελτιώσεως
706 2001 807 2070 οιιίτῦν
835 2015 891 2093 τῆς
913 2008 1169 2092 περισωίομένης
1195 2003 1290 2068 πόλιν
1313 2001 1524 2089 έπανακάμπ·

255 2151 320 2198 τειν
343 2127 431 2220 ἡμᾶς
454 2177 629 2198 ......
653 2131 710 2193 καί
733 2130 768 2194 τό
792 2132 888 2215 μέρος
919 2149 979 2214 μου
1003 2126 1048 2200 εὶς
1071 2124 1196 2214 ίτίρυος
1222 2123 1419 2214 ἰσαρίθμους
1447 2127 1524 2212 χρό-

253 2278 327 2331 νους
354 2259 411 2320 καί
439 2255 565 2322 διδόναι
587 2257 659 2322 τότε
686 2254 817 2320 διπλοῦν
839 2255 875 2318 τό
904 2251 1070 2340 εἰρημένον
1099 2252 1191 2326 τέλος
1217 2252 1389 2330 καθάπαξ,
1417 2249 1525 2317 ίκτοτε

255 2379 293 2444 δέ
328 2378 374 2453 είς
410 2381 446 2443 τό
481 2375 602 2443 ἁπλοῦν
637 2371 715 2442 αὐτὸ
748 2379 904 2464 παρέχειν
938 2379 1023 2442 κατὰ
1054 2378 1089 2441 τό
1121 2377 1260 2464 σῦνηθες
1294 2373 1353 2442 καί
1386 2378 1526 2463 καθεξῆς

255 2501 375 2591 ὁμοίως
409 2511 523 2583 ποιεῖν,
560 2506 673 2589 μέχρις
705 2497 743 2566 ἂν
773 2498 920 2588 δπαριδν
948 2502 1098 2590 διαρκοίη
1133 2499 1227 2582 αίιδν,
1262 2475 1442 2588 έκπληροῦν
1476 2503 1527 2566 καί

254 2629 375 2704 πάντα,
411 2621 532 2711 ὅσαπερ
556 2623 588 2690 έν
612 2635 677 2700 τοῖς
701 2622 943 2714 ἑκληπτορικοῖς
972 2621 1144 2713 έγγριίφοις
1172 2623 1334 2690 ἀνέκαθεν
1362 2627 1420 2690 καί
1447 2626 1528 2689 κατὰ

256 2749 392 2838 νομικὴν
414 2751 634 2837 παρατήρησιν
658 2743 740 2838 ῥητὰ
763 2747 1002 2836 ἐπεκράτησαν,
1030 2744 1092 2814 κᾶν
1115 2751 1171 2814 καί
1195 2745 1338 2815 ένταῦθα
1361 2752 1449 2815 κατὰ
1472 2744 1527 2836 ῥῆ-

259 2874 331 2960 [μα]
361 2865 421 2938 οὐκ
456 2869 688 2961 ἐνεγράφησαν.
724 2871 753 2938 εί
775 2873 811 2938 δέ
839 2869 975 2938 κάκεῖνα
1007 2874 1111 2938 πάντα
1139 2867 1176 2938 οὔ
1197 2873 1398 2961 Ιφυλσίττεται
1432 2870 1529 2938 ἀναλ-

258 2995 380 3062 λοίωτα
406 3000 464 3062 καί
493 2994 768 3083 ἀπαροίθραυστα,
802 2992 855 3060 ἵνα
882 2998 939 3061 καί
965 2990 986 3082 ἡ
1009 3002 1157 3082 παροῦσα
1191 2993 1322 3069 ἔνδοσις
1349 2997 1386 3060 τῦ
1415 2992 1530 3081 ἄκορον

258 3118 325 3199 έξει
358 3123 415 3186 καί
442 3130 504 3210 τῆς
539 3121 766 3206 βελτ[ιιδσεως]
807 3118 946 3184 έκπίπτω
982 3119 1067 3183 κατὰ
1100 3121 1194 3184 θείου
1228 3123 1328 3207 νόμου
1366 3118 1530 3205 διαταγήν,

260 3244 519 3334 έπανερχομένης
547 3247 665 3332 ταῦτης
700 3239 798 3320 εὐθὺς
832 3245 909 3330 πρὸς
938 3246 974 3308 σέ
1003 3245 1061 3308 καί
1083 3245 1118 3308 τῦ
1142 3246 1238 3330 μέρος
1265 3265 1323 3308 σου
1345 3245 1532 3332 προφάσιός

260 3389 347 3444 τινος
371 3369 457 3436 ἄνευ·
479 3370 595 3440 τοῦτον
619 3370 655 3436 δέ
678 3364 778 3442 οὕτως
800 3364 872 3454 παρ’
895 3363 984 3454 ἡμῶν
1008 3415 1017 3432 .
1042 3415 1050 3432 .
1074 3415 1083 3432 .
1112 3367 1146 3444 εξ
1169 3415 1177 3432 .
1202 3415 1210 3432 .
1238 3369 1295 3432 καί
1319 3362 1530 3454 ἀπαραθραῦ-

263 3515 345 3567 στοις
380 3497 636 3582 σοντηρουμένων
665 3489 740 3560 οὐδὲ
769 3492 807 3556 σῦ
836 3489 856 3580 ῆ
885 3493 921 3554 τό
949 3489 1045 3577 μέρος
1073 3511 1131 3556 σου
1164 3493 1343 3578 πειραθῆτέ
1370 3513 1449 3558 ποτε
1475 3499 1531 3556 τῶν

260 3627 384 3704 καιρῶν
408 3615 524 3694 έξῦισαι
545 3615 632 3707 ἡμᾶς
655 3626 712 3704 τῆς
734 3625 835 3703 νομῆς
863 3618 919 3681 καὶ
941 3615 1114 3703 κατ[οχῆς]
1139 3624 1195 3682 τοῦ
1219 3620 1391 3704 γενομένου
1416 3615 1531 3703 τίμπ[ε·

262 3741 380 3826 λῶνυς]
404 3739 425 3829 ῆ
448 3743 544 3807 πλέον
567 3765 597 3807 τι
620 3749 675 3806 τοῦ
706 3735 991 3826 ἀναγεγραμμένοι
1019 3737 1129 3814 τέλους
1160 3737 1317 3814 ἐπιθεῖναι
1339 3737 1414 3828 ἡμῖν
1436 3737 1458 3828 ῆ
1480 3740 1532 3804 καί

263 3862 369 3939 ἄλλως
395 3887 461 3940 πιος
489 3863 533 3940 είς
562 3862 741 3951 ἀνατροπὴν
770 3871 826 3928 τοῦ
853 3865 1007 3949 παρόντος
1035 3859 1196 3951 έγγριίφοο
1233 3863 1453 3950 γροίῆιματος]
1480 3864 1532 3926 καὶ

262 3990 316 4054 τδν
344 4035 687 4054 ...........
713 3987 896 4073 βουλήσεως
930 3979 1080 4050 ὑπόνοιαν
1112 4006 1154 4070 πρ
1176 4034 1184 4051 .
1268 4007 1332 4072 μας
1364 3990 1532 4074 πρόστιμον

263 4110 427 4200 ῦπέρπορα
455 4111 561 4177 εἴκοσι
585 4115 642 4186 καί
669 4113 746 4198 πρός
771 4113 824 4175 τόν
849 4157 1089 4176 ........
1112 4115 1302 4196 περιουσίαν-
1321 4107 1427 4201 ῆρῦν,
1459 4112 1533 4196 πρός

262 4236 293 4325 ῳ*
316 4240 373 4302 καί
397 4231 497 4310 οὕτως
521 4233 682 4322 ίρρῦσθαι
705 4235 740 4299 τῦ
760 4235 859 4320 παρόν
883 4239 939 4320 τῆς
963 4229 1128 4320 όκλῆῆεως
1154 4233 1315 4322 ἔγγραφον
1340 4235 1397 4300 σῦν
1417 4233 1460 4320 τῷ
1481 4241 1533 4319 τῆς

264 4360 429 4431 ἐκδόσεως
444 4357 581 4442 ίσοτῦπιρ
598 4351 707 4444 αὐτῆς.
733 4357 857 4446 έγροὶφη
880 4365 981 4421 ταῦτα
1003 4357 1057 4420 διὰ
1078 4359 1186 4444 χειρὸς
1206 4357 1363 4444 κληρικοῦ
1388 4366 1443 4422 τοῦ
1466 4355 1534 4440 Ἑρ-

264 4482 421 4572 μογένους
446 4480 485 4545 έκ
507 4489 685 4567 προτροπῆς
708 4489 763 4546 τοῦ
787 4481 958 4545 θειοτάτου
987 4481 1203 4566 σακελλαρίυο
1226 4483 1282 4545 καὶ
1304 4481 1535 4566 ταβυυλλαρίου

134 4647 137 4653 -
263 4614 364 4694 κοροῦ
402 4603 553 4691 Ἰερεμίου
591 4614 647 4669 τοῦ
668 4589 830 4690 ’Χειμαδᾶ
869 4607 976 4690 μηνί
1012 4603 1173 4690 ὶουνίιρ
1212 4603 1556 4692 ίπινεριῆσειετ,

159 4767 162 4772 -
264 4733 288 4797 ε’
322 4731 457 4804 ίτυυς
490 4729 651 4816 ,gwy
690 4727 890 4794 ἐνώπιον
926 4738 1006 4793 τῶν
1042 4725 1474 4816 ὑπογεγραμμένων
1509 4729 1556 4804 †.¹
