3132 5268
157 303 160 310 ’
230 355 298 422 τοι

230 559 294 622 τοῖς
330 550 602 636 μεγαλοπρεπέσιν
636 547 774 635 ἄρχουσι
811 555 868 636 τῆς
902 549 1052 634 τοιαύτης
1089 554 1279 635 περιφανοῦς
1316 549 1497 633 κοινότητος

231 675 287 740 σόν
311 672 422 746 ἄλλοις
446 676 507 738 τισί
532 674 679 761 φιλικοῖς,
704 671 788 748 ὅπως
811 678 867 738 καί
890 674 943 738 διὰ
967 673 1022 759 τῆν
1047 669 1173 758 ἀγάπην
1197 675 1254 736 καί
1277 672 1437 751 διάθεσιν,
1461 671 1496 757 ἣν

231 799 425 875 ἐνεδείξαντο
452 803 510 866 καί
547 793 636 864 αύτοί
663 797 709 872 είς
736 800 791 886 τῆν
820 799 985 882 βασιλείαν
1014 794 1126 876 αὐτοῦ,
1161 793 1214 861 ὅτε
1245 794 1444 883 ἐπεδήμησεν
1467 794 1497 859 ἐν

230 925 345 1010 ταύτη,
374 927 430 988 καί
456 927 585 1009 προσέτι
609 923 663 988 διὰ
686 923 742 1010 τῆν
767 921 845 1008 ἐμῆν
874 919 1015 1000 ἀξίωσιν,
1048 923 1140 1008 φίλον
1168 917 1259 993 ὄντος
1287 923 1417 1007 γνησίοο
1446 929 1497 1006 τῆς

229 1055 420 1135 περιφανοῦς
443 1047 560 1132 ταύτης
588 1049 788 1132 κοινότητος,
824 1041 981 1132 εύεργετεῖ
1008 1042 1115 1118 αὐτοῖς
1137 1049 1194 1110 καί
1216 1048 1305 1130 πόση
1330 1055 1368 1131 τῆ
1392 1047 1497 1108 κοινό-

230 1193 298 1256 τητι
327 1165 430 1236 αὐτῶν
459 1168 646 1254 ἐλευθερίαν
672 1179 783 1234 πασῶν
810 1180 870 1236 τῶν
899 1170 1019 1236 δόσεων
1047 1179 1107 1234 τῶν
1139 1167 1312 1254 διδομένων
1336 1167 1369 1232 ἐν
1394 1189 1426 1232 τε
1450 1169 1496 1230 λι-

232 1297 305 1380 μέσι
332 1298 389 1384 καί
416 1294 534 1368 διόδοις
562 1299 618 1358 καί
643 1295 757 1359 πόλεσι
780 1298 835 1359 καί
861 1296 979 1368 παντός
1007 1302 1062 1358 τού
1089 1292 1221 1382 ἡμίσεος
1245 1303 1299 1357 τοῦ
1323 1297 1496 1377 κομερκίοο

230 1415 331 1484 αὐτῶν
356 1418 400 1492 είς
427 1421 530 1484 πάντα
559 1419 612 1484 τόν
636 1415 695 1486 ύπό
719 1420 774 1506 τῆν
799 1417 901 1506 ἀρχὴν
925 1427 982 1505 τῆς
1009 1417 1174 1502 βασιλείας
1205 1413 1301 1482 αύτοῶ
1326 1419 1420 1482 τόπον
1444 1423 1496 1480 τοῦ

230 1541 370 1628 Μοφέοο,
394 1540 446 1607 ἵνα
470 1541 588 1608 ὁπόταν
612 1541 811 1629 ἐθελήσωσιν
836 1541 942 1608 ἐλθεῖν
970 1540 1036 1608 ἐκεῖ
1058 1541 1383 1630 πραγματεύσασθαι,
1413 1539 1496 1626 ἔχω-

230 1689 278 1734 σιν
302 1665 490 1754 ἐλευθερίαν
510 1678 570 1734 τῶν
594 1668 769 1754 διδομένων
794 1666 896 1734 ἐκεῖσε
920 1667 1052 1745 δόσεων,
1075 1665 1133 1732 καὶ
1155 1667 1344 1752 διέρχωνται
1367 1667 1420 1728 τόν
1443 1669 1496 1728 τό-

229 1813 287 1858 πον
322 1789 440 1858 ἐκεῖνον
469 1790 650 1879 ἐλευθέρως
684 1797 740 1858 καί
775 1790 927 1880 ἀσφαλῶς
954 1797 1011 1856 καί
1030 1789 1108 1856 όίνεο
1132 1799 1188 1878 τῆς
1216 1789 1344 1856 οἱασούν
1379 1789 1496 1860 δόσεως

229 1919 287 1982 καί
322 1911 519 2001 ἀπεκβολῆς,
555 1913 618 1982 εἴτε
653 1919 725 2000 περί
757 1919 945 2001 προσῶπων,
984 1913 1046 1980 εἴτε
1084 1918 1156 2000 περί
1188 1916 1396 2000 πραγμάτων,
1436 1911 1495 1976 εἴτε

228 2049 449 2126 πραγματειῶν
473 2037 675 2126 όσωνδῆποτε
698 2044 754 2107 καί
777 2036 1022 2125 όποιωνδῆποτε,
1047 2036 1089 2114 ῶς
1112 2041 1197 2104 κατὰ
1220 2040 1322 2102 πάντα
1343 2035 1422 2100 ἴδιοι
1445 2038 1497 2100 καὶ

229 2162 431 2253 ῆγαπημόνοι
465 2173 522 2250 τῆς
551 2165 721 2250 βασιλικῆς
757 2165 1004 2250 μεγαλειότητος
1038 2171 1093 2228 τοῦ
1120 2164 1416 2248 πανεοτοχεστάτοο
1445 2163 1497 2224 καί

230 2288 323 2368 ολγίοο
349 2284 439 2375 ἡμῶν
468 2285 625 2352 αύθέντοο
652 2291 708 2354 καί
737 2287 902 2354 δεσπότου.
927 2287 949 2352 δ
972 2297 1046 2367 γοῦν
1071 2285 1220 2374 ἐδῆλωσα
1252 2282 1356 2358 αὐτοῖς
1380 2286 1497 2363 λόγοις,

230 2415 412 2500 γράμμασιν
436 2409 621 2496 ἐπιβεβαιῶ,
658 2409 808 2488 ἀξιωθείς
834 2408 906 2498 παρ’
936 2409 1052 2488 αὐτῶν,
1086 2409 1138 2476 ἵνα
1168 2411 1269 2497 ἔχωσι
1292 2412 1331 2474 τὰ
1357 2405 1497 2496 ἡμέτερα

231 2540 406 2622 γράμματα
435 2535 479 2609 είς
503 2537 672 2622 μαρτύριον
708 2544 763 2623 τῆς
791 2531 975 2620 εὐεργεσίας
998 2537 1127 2622 ταύτης,
1165 2539 1276 2621 μέχρις
1306 2530 1343 2598 ἂν
1376 2532 1497 2598 ἐλθωσί

230 2681 311 2734 τινες
335 2661 450 2725 τούτων
476 2657 591 2737 ἐκεῖσε,
615 2661 705 2724 θεῖον
729 2657 982 2745 ἀργορόβοολλον
1013 2655 1143 2746 ὁρισμόν
1167 2667 1223 2745 τῆς
1247 2657 1417 2742 βασιλικῆς
1442 2679 1496 2742 με·

232 2785 437 2872 γαλειότητος
460 2791 515 2849 τού
538 2786 833 2870 πανεοτύχεστοίτοο
856 2787 913 2850 καί
936 2781 1029 2863 ἁγίοο
1057 2779 1146 2870 ἡμῶν
1174 2777 1332 2846 αόθέντοο
1358 2784 1417 2844 καί
1446 2780 1496 2842 δε-

230 2911 347 2974 σπότοο
382 2913 421 2974 τὰ
456 2916 588 2974 τοιαῦτα
623 2906 829 2992 ἐπικορούντα
867 2907 1052 2993 ληψόμενοι.
1092 2908 1313 2990 θαρρείτωσαν
1352 2899 1406 2968 οὖν
1445 2905 1498 2968 καί

231 3031 384 3122 ἀσφαλῶς
410 3035 638 3118 κατεχέτωσαν
667 3035 706 3096 τὰ
729 3029 800 3117 παρ’
828 3027 918 3118 ἡμῶν
942 3025 1047 3104 αὐτοῖς
1071 3028 1235 3116 εἰρημένα,
1264 3025 1416 3114 ὁρισμούς
1444 3029 1496 3090 καί

231 3155 404 3244 θελήματα
432 3166 487 3244 τῆς
516 3155 684 3242 βασιλικῆς
720 3155 967 3242 μεγαλειότητος
1000 3161 1056 3218 τού
1088 3154 1383 3242 πανεοτοχεστιίτοο
1410 3147 1495 3237 ἡμῶν

230 3276 388 3348 αόθέντοο
416 3284 472 3346 καὶ
494 3281 650 3346 δεσπότου
679 3279 771 3357 εἶναι,
799 3283 856 3346 καί
880 3277 941 3344 ἀπό
966 3285 1020 3342 τού
1045 3285 1097 3342 νῦν
1126 3275 1257 3350 ἐαοτοός
1285 3279 1495 3364 νομιζέτωσαν

228 3409 337 3494 πόσης
358 3403 460 3492 ἄλλης
484 3403 604 3477 δόσεως
633 3413 688 3490 τῆς
714 3401 858 3488 ἀνωτέρω
882 3401 1048 3489 εἰρημένης
1076 3405 1132 3466 καί
1163 3409 1217 3466 τού
1240 3397 1372 3488 ἡμίσεος
1397 3393 1495 3463 αὐτῶν

228 3533 406 3615 κομερκίοο
441 3523 516 3614 όπέρ
552 3525 744 3615 οἱωνδῆποτε
780 3531 836 3592 καί
867 3523 1070 3613 όσωνδήποτε
1097 3529 1311 3618 πραγμάτων,
1347 3543 1494 3610 πραγμα-

229 3661 334 3729 τειῶν,
368 3655 542 3738 προσῶπων
573 3655 627 3718 καί
660 3654 783 3718 πόντων
812 3648 920 3724 ἁπλῶς
948 3648 1137 3736 ἐλευθέροις
1172 3647 1252 3713 εἶναι
1279 3645 1311 3712 ἐν
1339 3650 1428 3732 πόση
1460 3655 1495 3731 τῆ

175 3806 178 3815 ·
232 3774 318 3863 ἀρχῆ
346 3784 402 3863 τῆς
431 3777 600 3863 βασιλικῆς
627 3783 681 3841 τοῦ
712 3772 803 3855 ἁγίοσ
830 3771 920 3863 ἡμῶν
951 3771 1109 3839 αύθέντον
1137 3771 1193 3838 καὶ
1216 3773 1371 3837 δεσπότοο
1396 3792 1494 3857 μεγα-

230 3902 409 3989 λειότητος,
438 3903 638 3989 ληψομένοος
668 3923 701 3964 τε
730 3893 827 3973 εὐθύς
856 3903 911 3964 καί
933 3897 1132 3986 προβιλέγιον
1161 3907 1216 3984 τῆς
1248 3897 1415 3981 βασιλείας
1440 3893 1495 3960 αύ·

230 4033 284 4090 τού
309 4022 548 4113 ἐπικορωτικόν,
577 4021 673 4112 ἡνίκα
698 4021 735 4088 ἂν
766 4026 877 4088 τούτου
901 4026 994 4110 χάριν
1018 4021 1050 4096 ἐς
1074 4017 1167 4086 αύτόν
1190 4025 1364 4106 πέμψωσιν.
1390 4017 1432 4085 ὧν
1456 4017 1496 4090 εἰς

230 4149 369 4236 δήλωσιν
396 4154 453 4215 καί
482 4149 517 4214 τό
544 4149 644 4233 παρόν
674 4144 779 4222 αὐτοῖς
813 4151 975 4234 πεποίηκα
1008 4149 1140 4233 γροίμμα
1169 4156 1207 4232 τῆ
1233 4143 1301 4229 ἰδία
1330 4141 1495 4233 όπογραφῆ

230 4279 287 4340 καί
316 4274 437 4360 βούλλη
466 4270 665 4362 σφραγισθέν
690 4294 723 4336 τε
747 4275 804 4338 καὶ
828 4273 1025 4360 σημειωθέν,
1059 4267 1328 4356 ἐπαγγελομένοις
1355 4274 1412 4334 καί
1440 4266 1495 4333 αό-

230 4409 294 4474 τοῖς
327 4400 485 4486 διατηρεῖν
519 4401 595 4485 πρός
631 4400 684 4462 τόν
718 4400 1010 4482 πανεοτωχέστατον
1045 4399 1101 4460 καὶ
1136 4393 1227 4478 ἅγιόν
1254 4417 1308 4480 μοι
1339 4389 1494 4478 αὐθέντην

230 4531 286 4592 καί
308 4526 465 4610 δεσπότην
494 4520 620 4611 ἀγάπην
644 4526 795 4609 καθαρὰν
823 4527 880 4588 καί
903 4523 1050 4590 διάθεσιν
1081 4519 1254 4609 ἀκραιφνῆ,
1282 4523 1443 4586 πόνεοθέν
1466 4541 1495 4582 τε

233 4653 411 4738 συντρέχων
436 4651 475 4714 τὰ
497 4649 574 4734 πρός
597 4649 772 4733 θεραπείαν
796 4643 893 4712 αύτοῶ
916 4649 972 4710 καί
995 4641 1157 4733 όπηρετεῖν
1183 4642 1244 4732 ὅση
1266 4644 1399 4730 δύναμις
1424 4649 1453 4723 †.

319 4768 398 4854 †‘0
423 4771 592 4844 δοῦλος
621 4779 698 4858 τῆς
727 4771 985 4857 βασιλικῆς
1014 4769 1392 4858 μεγαλειότητος
1422 4775 1495 4832 τού
