3182 5264
1285 398 1325 461 41

69 598 117 663 ταὶ
144 597 295 686 βτνετικᾷ
319 600 420 684 πλοίιρ
448 596 647 685 ἐντυχόντες,
677 595 740 662 ἀπο·
775 605 831 683 της
859 594 1113 676 Μεγαλοπόλεως
1148 592 1192 668 εἰς
1226 589 1327 672 Αἴγυ-

68 745 135 789 ττον
161 720 326 808 απόραντι,
350 721 506 788 κὰκείύεν
531 717 628 796 αὖθις
653 721 699 796 εἰς
726 722 781 808 τὴν
810 719 1036 800 Μεγαλόπολιν
1064 727 1203 804 κατᾶραι
1231 717 1328 782 σπεύ-

69 851 161 927 δοντι,
186 853 243 914 καί
267 847 456 934 ἀνύριίπους
478 857 535 934 της
559 849 725 932 βασιλείας
748 869 809 932 μου
832 852 889 910 καί
912 843 1171 930 ἀποκρισιαρίους
1194 849 1249 908 τού
1273 839 1328 908 τό·
1387 877 1392 896 ·

69 977 251 1052 γενεστύτοο
285 971 409 1038 ἐκείνου
443 973 617 1039 συυλτιίνου
651 979 709 1058 της
734 969 895 1050 Αἰγύπτου
922 979 978 1036 τοῦ
1002 969 1226 1055 Σαλαγπτίνου
1252 969 1330 1053 πρός

67 1099 114 1182 τήν
141 1097 307 1181 βασιλείαν
336 1117 397 1182 μου
431 1099 487 1162 καί
512 1099 684 1182 πράγματα
715 1091 774 1160 οόκ
802 1093 898 1174 όλίγα
929 1105 968 1182 τη
997 1093 1145 1178 βασιλεία
1174 1113 1234 1178 μου
1257 1087 1329 1178 παρ’

68 1225 184 1288 ἐκείνου
207 1225 365 1289 σταλόντα
388 1227 527 1312 ρίρυντι,
549 1220 634 1288 ἀλλὰ
649 1225 706 1288 καί
727 1225 971 1308 πραγματευτόις
993 1217 1168 1307 Ῥωμαίους
1192 1219 1330 1294 πολλούς

66 1347 114 1412 καί
137 1347 170 1423 ἐξ
193 1344 291 1434 αόπης
315 1357 371 1434 της
394 1345 651 1428 Μεγαλοπόλεως
684 1343 888 1432 όρμυμίνους
913 1349 970 1410 καί
999 1348 1037 1410 τό
1070 1355 1178 1431 πρότα
1212 1355 1273 1409 τῶν
1296 1342 1329 1408 ἰν

67 1467 137 1560 αότρ
163 1482 413 1558 πραγματευτόν
440 1475 649 1560 φερομίνους,
677 1471 919 1558 προσεπίλασύν
948 1491 980 1535 τε
1008 1467 1052 1556 τῷ
1074 1470 1205 1554 τοιούτω
1228 1469 1328 1554 πλοίῳ

66 1599 141 1660 κατὰ
167 1597 294 1684 ρίλοος,
328 1601 385 1662 καί
409 1595 585 1684 εἰρηνικοὺς
615 1600 653 1662 τὰ
681 1605 791 1680 πρῶτα
812 1597 891 1682 πρός
919 1589 1034 1668 αύτούς
1057 1595 1172 1674 λόγους
1195 1595 1328 1679 όίμενοι

67 1719 170 1806 αἴφνης
194 1717 281 1807 αύτῷ
300 1721 481 1807 λῃστρικῶς
501 1719 724 1808 ίπεπηόησαν,
747 1717 805 1786 καί
826 1721 946 1793 πάντας
969 1717 1042 1794 πούς
1066 1715 1099 1783 ἰν
1123 1713 1209 1803 αύτῷ
1230 1719 1328 1804 ρόνυυ

66 1847 278 1932 παρανάλωμα
305 1849 519 1933 ποιησόμενοι
542 1845 600 1912 καὶ
623 1841 737 1920 αύτούς
759 1845 833 1919 πούς
856 1854 912 1931 τῆς
935 1844 1099 1928 βασιλείας
1119 1863 1179 1928 μου
1196 1839 1326 1928 ἀνθρώ-

64 1991 145 2048 πους,
173 1969 259 2038 ἀλλὰ
286 1975 343 2038 καί
370 1973 443 2047 τούς
469 1976 549 2058 πρός
577 1975 632 2060 την
663 1973 829 2057 βασιλείαν
852 1991 913 2057 μου
937 1971 1110 2043 σταλόντας
1134 1967 1324 2055 ἀποκρισια-
1408 1988 1411 2004 ·

64 2099 139 2177 ρίους
167 2104 225 2161 πυό
253 2091 410 2184 ῥηόίντος
437 2092 665 2177 εὐγενεστάτου
693 2097 818 2162 ἐκείνου
852 2098 1027 2162 σουλτείνυο
1054 2093 1230 2174 Αἰγύπτου,
1266 2102 1326 2158 τιῑιν

64 2241 91 2281 τε
112 2217 333 2308 ἐμφερομένων
361 2222 404 2307 τῷ
429 2223 530 2308 πλοίιμ
557 2225 681 2287 πόντων
703 2223 896 2308 πραγμάτων
919 2223 976 2286 καί
998 2230 1059 2286 τόν
1081 2221 1160 2307 πρὸς
1183 2218 1239 2305 την
1263 2219 1323 2302 βα·

64 2346 174 2410 οιλείον
211 2367 272 2432 μου
305 2351 392 2432 παρὰ
426 2355 481 2414 τού
516 2347 720 2435 όηλωίίύντος
748 2348 925 2414 σουλπόνου
958 2345 1119 2426 Αἰγύπτου
1147 2344 1324 2409 σταλόντων

63 2473 170 2556 ραρίσν
182 2473 240 2535 καί
255 2469 362 2536 ἄλλων
380 2468 496 2558 ἀγρίων
512 2493 546 2537 πε
563 2475 619 2538 καί
636 2473 895 2557 τιθασσευμύνιεν
913 2473 1017 2548 ξύων,
1033 2469 1086 2536 υία
1097 2467 1203 2556 Λιβύη
1220 2473 1325 2556 τρίρτι

62 2599 110 2658 καί
142 2595 317 2676 Αἴγυπτος,
353 2595 518 2683 ίγκρατείς
552 2601 733 2678 γεγόνασιν.
763 2593 830 2662 ἰπεί
863 2593 917 2662 σόν
946 2591 1005 2661 οἰκ
1033 2593 1072 2682 ἦν
1096 2604 1197 2661 ταῦτα
1219 2597 1325 2680 κρύος

63 2717 191 2798 ἐνεγκεῖν
219 2722 276 2808 την
304 2721 470 2806 βασιλείαν
495 2741 569 2806 μου,
594 2726 650 2786 καί
679 2722 818 2807 μάλιστα
845 2723 934 2807 παρὰ
957 2731 1018 2786 τόν
1045 2717 1107 2786 ἀπό
1130 2728 1187 2806 της
1211 2715 1324 2798 Μεγα-

61 2843 213 2918 λοπόλεως
240 2843 274 2909 ἐν
300 2847 346 2932 τῷ
370 2847 503 2930 τοιούτιρ
529 2845 630 2932 πλοίῳ
659 2841 853 2930 εύρεύόντων
880 2853 1128 2930 πραγματευτείν
1150 2863 1322 2929 παρορμε-

63 2969 164 3052 μόνην,
200 2965 280 3032 καθ’
315 2967 456 3056 ίιιαστην
479 2971 555 3054 πρός
590 2965 689 3056 αότην
713 2967 974 3055 ἀνακλαιομένων
1001 2969 1136 3054 κοίτην
1160 2965 1325 3053 ίκόίκησιν

62 3089 190 3176 λιπαρός
227 3089 455 3177 ἰξαιιυυμίνων
490 3096 546 3158 καί
579 3103 635 3180 της
669 3095 834 3176 βασιλείας
869 3113 929 3180 μου
964 3090 1121 3180 ὁσημέραι
1154 3093 1322 3177 όεομύνων,

63 3209 240 3299 ἐιηωρησαι
267 3209 373 3289 αότοίς
402 3213 604 3302 ίκανιείίηναι
632 3219 671 3282 τό
698 3221 872 3303 πράγματα
899 3213 1003 3282 αἰτόν
1032 3214 1070 3281 ἰκ
1098 3225 1158 3280 τόν
1183 3213 1324 3280 ἐνταῦθα

62 3331 284 3422 εύρισκομόνων
306 3337 490 3416 Γενουῑιύν,
513 3336 534 3427 ἡ
559 3341 706 3422 βασιλεία
730 3361 791 3427 μου
815 3338 883 3428 ἅμα
905 3343 962 3427 μόν
982 3343 1039 3406 καί
1062 3349 1126 3412 τοῖς
1149 3337 1322 3405 Κωνσταν-

62 3461 278 3536 τινουπολίταις
312 3471 567 3548 κραγματευταίς
602 3466 638 3529 τό
665 3465 745 3530 πολύ
775 3473 982 3552 πιριαιρούσα
1010 3471 1066 3550 τῆς
1093 3464 1235 3550 θλίψεως
1267 3466 1324 3527 καί

62 3585 107 3668 την
128 3596 183 3672 της
213 3591 329 3674 ζημίας
357 3585 531 3675 ἀνακαχὴν
559 3583 800 3677 ὁτοεεινυμόνη,
825 3585 894 3676 ἅμα
917 3591 953 3654 δὲ
977 3595 1033 3654 καί
1057 3590 1130 3663 πυός
1152 3585 1322 3664 Γενουίτας

61 3707 201 3796 διεγεῖραι
227 3715 456 3798 περισσοτόρως
491 3713 664 3800 θελησασα
699 3712 744 3787 εἰς
772 3713 828 3800 τὴν
856 3723 911 3779 τοῦ
938 3715 1082 3780 τοιούτου
1109 3722 1214 3778 κακού
1237 3716 1323 3778 κατὰ

63 3836 94 3896 τό
113 3841 390 3924 συμπερανημίνα
412 3835 589 3926 ἰπύίκησιν,
614 3842 775 3925 συνήγαγε
799 3861 832 3904 τι
856 3839 929 3913 τούς
952 3849 992 3926 πη
1015 3837 1241 3918 Μεγαλοπόλει
1269 3836 1318 3902 ἐν·

63 3955 231 4042 ύημοόνπας
259 3957 512 4046 Γενυοίταςγκαὶ
541 3967 708 4048 ρρονπίσαι
732 3973 788 4050 της
812 3971 866 4028 τοῦ
895 3971 1000 4028 κακοῦ
1024 3935 1222 4049 ἰκόικήσεως
1246 3963 1320 4026 τού·

62 4101 117 4153 τοις
139 4082 328 4170 όετίσκηόεν.
353 4081 396 4159 ύς
424 4085 460 4150 όί
484 4081 572 4150 ούποι
594 4087 651 4174 την
673 4095 729 4151 τού
753 4088 942 4174 τηλικούτου
970 4090 1156 4174 πράγματος
1180 4084 1320 4170 ἀνεβάλ-

61 4205 141 4272 λοντο
175 4209 327 4297 ρροντίία
361 4213 417 4275 καί
451 4208 571 4275 ἑαυτόν
605 4213 738 4300 ταύτην
757 4210 1033 4280 ιίποτινόσσεσύαι
1062 4211 1240 4298 ἐπειρῶντο,
1265 4213 1320 4298 την

63 4338 112 4393 τῶν
136 4333 364 4420 τολμησάντων
400 4343 492 4400 τοῦτο
520 4340 640 4402 κακίαν
666 4337 922 4423 προβαλλόμενοι
948 4341 1005 4404 καί
1035 4338 1090 4424 την
1117 4338 1172 4402 διὰ
1205 4338 1321 4424 ταύτην

63 4449 113 4518 οἰπό
139 4465 196 4544 της
223 4461 333 4544 χώρας
361 4454 462 4523 αότιόν
486 4461 545 4545 πρό
569 4463 691 4547 χρόνων
716 4459 780 4549 ἤδη
803 4462 928 4528 πολλῶν
952 4459 1159 4550 ᾀποσόβησιν.
1183 4459 1319 4528 κιίντεό-

62 4577 110 4642 ύεν
131 4577 224 4656 αὖθις
249 4579 448 4669 ἀγριωτέρως
472 4579 577 4657 αότοίς
606 4581 707 4650 ότόν
729 4583 1104 4652 Κωνσταντινοοπυλιτῶν
1130 4586 1319 4674 ἰτηγείρετο

62 4697 162 4786 δῆμος,
196 4711 254 4772 καί
276 4709 480 4793 θερμοτέρας
515 4706 616 4774 ἰότῖτυ
652 4717 707 4796 τῆς
737 4711 903 4793 βασιλείας
926 4731 987 4797 μου
1015 4709 1048 4789 be
1072 4708 1174 4778 αὐτόν
1198 4709 1319 4778 ἱκανω-

64 4824 148 4912 ίηναι
173 4833 212 4895 τὰ
240 4829 304 4896 ἀπό
332 4841 387 4897 τοῦ
416 4834 559 4900 τοιούτου
581 4834 694 4900 πλοίου
718 4831 935 4924 ἀραιριόίντα
957 4839 1129 4926 πράγματα
1152 4835 1269 4918 αὐτῶν,
1297 4835 1317 4927 ἡ
