3164 5264
1287 325 1353 388 303

77 510 259 600 ραλαίυοίν
282 531 349 578 τινα
376 512 431 579 διὰ
455 517 611 602 συντόμου
633 525 693 582 τῶν
722 519 940 605 γεγενημένων
963 517 1149 606 συνθηκῶν,
1182 528 1304 604 πρῶτον
1332 513 1353 604 ή

79 631 224 723 ἐπιεικής
253 635 402 720 βασιλεία
430 659 491 724 μου
515 636 733 720 ἀναδείκνυσι,
757 638 826 706 εἶτα
851 643 908 706 καί
934 638 1102 728 ἀπόκρισιν
1125 635 1162 706 ού
1185 643 1270 706 κατὰ
1294 662 1354 727 με·

77 760 278 848 γαλειότητα
305 761 466 828 δυναστῶν
495 759 655 844 ἀνάκτων,
684 762 769 830 ἀλλὰ
797 768 881 830 κατά
909 767 944 830 τύ
973 765 1275 854 φιλανθρωπότερον
1298 773 1355 852 τής
1493 851 1496 857 ¹

77 880 229 970 ἀληθοῦς
253 883 433 968 βασιλείας,
458 887 493 950 τό
518 889 575 972 μὲν
597 883 706 952 ίνεκεν
730 895 786 952 τού
811 884 1047 974 ἀμετατρόπτου
1063 897 1120 976 τής
1135 889 1354 975 θεοκυβερνή-

75 1027 133 1069 του
162 1002 308 1081 ἔξουσίας
337 1027 411 1092 μου,
441 1009 476 1070 τό
506 1008 542 1072 δὲ
569 1006 677 1075 ίνεκεν
705 1018 761 1096 τῆς
787 1008 974 1097 ίδιαίούσης
998 1033 1053 1098 μοι
1074 1014 1147 1098 περί
1170 1018 1225 1076 τού
1248 1011 1354 1076 καλού
1424 1049 1426 1054 ,

77 1131 278 1208 διαθέσεως,
305 1133 345 1196 τά
372 1131 536 1220 κεφάλαια
563 1143 619 1220 της
647 1129 805 1222 ήμετόρας
838 1132 981 1223 ἀγάπης,
1016 1131 1092 1202 ὅσον
1119 1137 1156 1200 τό
1183 1139 1269 1200 κατὰ
1297 1136 1353 1222 τήν

75 1251 238 1340 ήμετόραν
258 1255 354 1330 δόξαν
381 1255 530 1320 καθόλου
554 1253 762 1345 ἀμετάβλητα
789 1257 989 1346 διαμάνουσι,
1011 1264 1070 1326 καί
1097 1255 1134 1326 ού
1164 1261 1207 1348 μή
1231 1263 1354 1339 γίνοιτο

76 1377 110 1453 ἐξ
137 1373 229 1466 ήμῶν
252 1378 338 1464 δόλιρ
359 1382 417 1444 τινί
441 1381 531 1454 λύσις
559 1390 619 1446 τῶν
643 1381 768 1468 δεσμῶν
791 1377 904 1470 αύιής,
928 1385 984 1448 καί
1006 1385 1122 1458 καθὼς
1143 1381 1295 1468 διέλαβον
1320 1381 1354 1450 αἱ

76 1499 215 1588 ἀρχαῖαι
238 1505 368 1590 γραφαί,
393 1505 433 1568 τά
456 1525 489 1568 τε
513 1505 630 1590 σύνορα
653 1514 713 1570 τῶν
736 1505 859 1570 πόλεων
882 1527 916 1570 τε
941 1510 997 1572 καί
1019 1516 1144 1593 χωρῶν,
1168 1505 1216 1572 ότι
1238 1508 1274 1573 δὲ
1298 1511 1355 1574 καί

75 1629 116 1690 τά
146 1625 353 1710 δικαιώματα
386 1623 528 1713 ἑκάστης
562 1625 721 1714 λιταρχίας
754 1625 808 1693 ἵνα
836 1631 980 1715 μόνωσιν,
1015 1626 1059 1704 ὣς
1088 1627 1176 1718 εἶχον
1210 1634 1267 1696 καί
1293 1633 1354 1718 πρό

75 1759 133 1836 τῆς
159 1752 280 1836 μάχης.
305 1751 376 1836 περί
403 1753 460 1836 μὲν
485 1745 539 1816 ούν
568 1761 628 1816 τῶν
655 1759 710 1816 τού
738 1750 902 1838 Χερσόκου
936 1755 1040 1818 τόπων
1062 1751 1161 1840 ήγουν
1184 1753 1354 1831 Πωλίτζας

73 1877 136 1938 καί
158 1882 220 1936 τῶν
245 1870 351 1936 ἄλλων
374 1883 486 1960 χωρῶν
510 1883 571 1938 τῶν
594 1871 627 1939 ἐν
650 1873 693 1961 τῷ
715 1873 892 1961 Σπαλάθιρ,
916 1874 1139 1957 Ῥογοσνίτζας
1155 1882 1211 1943 καί
1232 1877 1352 1944 Κουτι-

74 2001 166 2076 κίου,
197 1991 226 2060 εί
253 1999 310 2082 μὲν
337 1992 381 2070 ύς
409 1997 525 2072 καθὼς
554 1995 571 2064 δ
598 2002 701 2084 τίμιος
730 1995 971 2087 ἀποκρισιάριος
998 1996 1089 2088 ήμῶν
1116 1998 1215 2080 εἶπεν,
1244 1998 1293 2066 ὅτι
1320 1998 1355 2077 λε

75 2116 184 2206 ἀρχῆς
212 2114 364 2205 ὑμέτεραι
392 2115 487 2184 οὖσαι
513 2123 599 2186 κατὰ
628 2123 680 2186 τόν
708 2125 821 2209 καιρόν
849 2132 904 2210 τῆς
933 2125 1042 2211 μάχης
1069 2135 1133 2198 τοῖς
1161 2120 1266 2190 λκεῐσε
1289 2145 1354 2190 σα·

73 2245 216 2328 τράπαις
240 2241 364 2330 ρλωρία
387 2244 456 2306 τινὰ
480 2241 527 2317 είς
549 2239 652 2330 ὄνομα
674 2244 778 2332 δώρου
801 2245 917 2324 ἔδιδον,
941 2232 1081 2334 όρίζειή
1107 2247 1258 2332 βασιλεία
1281 2266 1353 2338 μου,

72 2367 194 2440 καθείς
217 2369 275 2432 καί
295 2367 572 2453 πρυδιελάμβανον
599 2371 639 2434 τὰ
662 2372 768 2456 πρύην
796 2373 986 2457 γράμματα,
1015 2370 1159 2438 ίστωσαν
1183 2371 1352 2459 ἐλεύθεροι,

74 2493 137 2555 καί
166 2487 198 2554 οἱ
225 2487 293 2554 ἐκεῖ
323 2487 412 2563 ύνττς
440 2493 601 2576 σατράπαι
634 2487 785 2558 ούδόποτε
814 2495 989 2580 ζητήσουσι
1023 2517 1052 2558 τι
1080 2493 1114 2571 ἐξ
1141 2493 1269 2562 ἐκείνων
1292 2506 1352 2561 τῶν

73 2622 193 2700 χωρῶν
222 2615 291 2698 περί
319 2622 380 2677 τῶν
407 2612 515 2700 δύρων
540 2613 681 2678 ίκείνων·
712 2613 779 2680 ἐπεί
802 2615 837 2680 δὲ
862 2624 954 2682 τούτο
977 2613 1051 2706 ήμίν
1074 2617 1234 2698 άγνωστόν
1259 2617 1353 2698 ἔστιν,

74 2737 253 2814 ίξστάσεως
276 2737 385 2814 δτίται,
409 2739 466 2802 καί
489 2737 605 2824 ταύτης
629 2742 801 2824 γενομόνης
821 2740 856 2803 τύ
881 2739 1006 2806 δίκαιον
1034 2745 1215 2830 γενήσεται,
1239 2745 1353 2818 καθὼς

75 2862 118 2926 λκ
143 2869 200 2946 τῆς
224 2859 399 2934 ἐξετάσεως
426 2857 664 2946 δηλωθήσεται.
693 2863 762 2947 περί
787 2861 824 2926 δὲ
853 2869 908 2926 τού
930 2863 1170 2950 Παστροβικίου
1192 2871 1249 2932 καί
1271 2866 1353 2932 Ζού-

73 3007 142 3059 πας
170 2993 231 3052 τῶν
259 2982 291 3049 λν
320 2983 364 3070 τῷ
388 2982 522 3071 Κοτόριρ
550 2987 607 3050 καί
635 2994 695 3048 τῶν
723 2983 830 3050 ἄλλων
858 2997 969 3073 χωρῶν
995 2997 1056 3052 τῶν
1078 2992 1150 3075 περὶ
1172 2999 1227 3058 τού
1250 3013 1353 3056 πυτα-

75 3115 141 3196 μού
177 3105 380 3188 Μπογιάνου,
416 3105 478 3172 εἴτε
506 3111 577 3194 περί
603 3108 725 3172 πόλεων
754 3109 854 3188 όστίν,
889 3109 952 3174 εἴτε
985 3114 1055 3198 περί
1088 3112 1282 3199 λεηλασιῶν,
1318 3117 1353 3180 τό

75 3229 250 3318 ύπόρτερσν
277 3233 397 3316 κράτος
426 3252 486 3316 μου
512 3233 590 3318 πρός
617 3234 674 3305 τὰς
703 3229 874 3318 ἐρωτήσεις
901 3241 957 3298 τού
985 3231 1088 3318 τιμίου
1112 3233 1354 3324 ἀποκρισιαρίοο

76 3351 183 3429 οὕτως
213 3352 414 3442 ἀπεφήνατο,
442 3351 490 3420 δτι
518 3354 539 3420 ά
568 3353 601 3420 ἐν
628 3359 720 3442 χερσί
747 3365 801 3421 τού
830 3353 1020 3445 Τζιρνοβίκη
1049 3361 1272 3446 κεκράτηνται,
1297 3369 1354 3426 τού

75 3483 160 3563 θεία
195 3473 328 3564 εύδοκίη
364 3473 460 3543 αύτύν
495 3472 587 3564 ῥύμη
621 3477 761 3564 κραταιή
794 3479 994 3554 καθελόντος
1029 3480 1118 3546 είσίν·
1157 3480 1212 3548 ἰὰν
1240 3479 1294 3548 ούν
1318 3485 1354 3549 τό

77 3601 299 3690 Παστροβύκιν
323 3606 379 3668 καί
402 3598 422 3690 ή
447 3600 555 3666 Ζοῶτα
582 3609 637 3666 τού
666 3599 855 3689 Τίιρνυβίκη
880 3604 923 3690 μή
949 3600 1054 3687 ούσαι,
1085 3607 1208 3692 μᾶλλον
1236 3608 1271 3672 δὲ
1300 3617 1355 3697 τῆς

76 3729 311 3814 λαμπροτάτης
346 3722 535 3799 αύθεντείας
570 3735 630 3790 τῶν
657 3725 860 3806 Βαινετικῶν,
897 3729 952 3792 καὶ
981 3733 1061 3814 μετὰ
1089 3733 1125 3794 τό
1152 3735 1356 3820 κρατηθῆναι

78 3855 135 3916 τόν
160 3848 371 3936 Τίιρνοβίκην
398 3845 415 3913 ό
444 3845 567 3918 ἐκείνου
596 3855 650 3912 τού
686 3851 782 3914 τόπου
809 3853 973 3938 σατράπης
1001 3849 1230 3940 ἐλεηλάτησεν,
1260 3851 1356 3930 αύτύς

79 3981 141 4063 μάν
163 3974 432 4061 παιδευθήσεται,
456 3976 513 4036 καί
535 3967 555 4060 ἡ
581 3976 679 4058 ζημία
702 3971 991 4062 ἀποστραφήσεται,
1015 3979 1071 4042 καὶ
1094 3972 1188 4042 αύται
1211 3989 1356 4064 μενοῦσιν

80 4099 127 4174 τίς
151 4101 209 4172 τάς
231 4097 316 4171 ἰδίας
338 4099 505 4183 περιοχὰς,
529 4097 644 4168 καθῶς
668 4093 857 4180 ἐκρατοῦντο
886 4091 945 4162 ύπύ
969 4108 1024 4186 τῆς
1046 4101 1270 4188 λαμπροτάτης
1296 4100 1357 4168 αύ-

79 4225 234 4296 θσντείας
259 4230 318 4284 τῶν
341 4218 513 4286 Βαινττιῶν
538 4217 571 4283 όν
595 4217 637 4303 τηῑ
663 4218 766 4304 καιρῖρ
789 4228 844 4284 τού
868 4218 1070 4308 Τίιρνοβίκη·
1099 4221 1208 4310 ἕτερον
1232 4226 1267 4289 δὲ
1291 4249 1357 4292 τοι·

81 4347 179 4410 ούτόν
207 4365 237 4408 τι
258 4352 391 4430 πρᾶγμα
415 4341 445 4406 οἱ
468 4339 573 4408 ἐκεῖσε
602 4339 689 4414 ὄντες
713 4339 749 4407 ού
774 4344 970 4428 τολμήσουσι
992 4349 1068 4409 τοτὲ
1090 4348 1206 4432 πρᾶξαι
1229 4347 1249 4435 ή
1275 4345 1357 4423 ὅλως

82 4466 299 4552 ἐπιχειρήσαι.
333 4463 442 4530 ἕνεκεν
476 4465 513 4529 δὲ
548 4473 603 4532 τού
636 4468 735 4552 πόραν
768 4475 914 4552 ποταμοῦ
941 4463 1128 4548 Μπυγιοίνου
1157 4469 1193 4534 ού
1222 4477 1357 4556 κρυπτόν

83 4590 186 4669 ἐστιν,
215 4585 264 4656 ὅτι
291 4587 390 4677 σύσης
419 4584 517 4678 αύτής
540 4599 596 4678 τῆς
619 4584 822 4677 ύήηλοτάτης
845 4591 1013 4674 βασιλείας
1036 4615 1096 4680 μου
1120 4593 1170 4660 ὲπί
1193 4598 1248 4684 τήν
1272 4595 1357 4662 Σκό-

82 4717 165 4799 δραν
194 4716 250 4779 καί
277 4711 375 4800 αύτήν
402 4712 656 4802 περικοκλούσης
683 4710 741 4779 καὶ
768 4721 828 4778 τῶν
862 4715 1036 4800 φαλάγγων
1065 4713 1161 4805 αύτήν
1193 4741 1358 4805 καταπορ-
