<?xml version="1.0" encoding="UTF-8"?>
<!DOCTYPE html PUBLIC "-//W3C//DTD XHTML 1.0 Transitional//EN"
    "http://www.w3.org/TR/xhtml1/DTD/xhtml1-transitional.dtd">
<html xmlns="http://www.w3.org/1999/xhtml" xml:lang="en" lang="en">
 <head>
  <title>
</title>
<meta http-equiv="Content-Type" content="text/html;charset=utf-8" />
  <meta name='ocr-system' content='tesseract 3.04.00' />
  <meta name='ocr-capabilities' content='ocr_page ocr_carea ocr_par ocr_line ocrx_word'/>
</head>
<body>
  <div class='ocr_page' id='page_1' title='image "./actaetdiplomata03miklgoog_0348.png"; bbox 0 0 3114 5264; ppageno 0'>
   <div class='ocr_carea' id='block_1_1' title="bbox 1287 357 1354 420">
    <p class='ocr_par' dir='ltr' id='par_1_1' title="bbox 1287 357 1354 420">
     <span class='ocr_line' id='line_1_1' title="bbox 1287 357 1354 420; baseline 0.03 -2"><span class='ocrx_word' id='word_1_1' title='bbox 1287 357 1354 420; x_wconf 78' lang='lat'><strong>295</strong></span> 
     </span>
    </p>
   </div>
   <div class='ocr_carea' id='block_1_2' title="bbox 79 530 1351 999">
    <p class='ocr_par' dir='ltr' id='par_1_2' title="bbox 81 530 1351 638">
     <span class='ocr_line' id='line_1_2' title="bbox 81 530 1351 638; baseline -0.001 -25"><span class='ocrx_word' id='word_1_2' title='bbox 81 568 159 632; x_wconf 81' lang='grc' dir='ltr'><strong>μας,</strong></span> <span class='ocrx_word' id='word_1_3' title='bbox 183 551 239 613; x_wconf 84' lang='grc' dir='ltr'><strong>καί</strong></span> <span class='ocrx_word' id='word_1_4' title='bbox 255 551 294 613; x_wconf 87' lang='grc' dir='ltr'><strong>νά</strong></span> <span class='ocrx_word' id='word_1_5' title='bbox 317 545 445 635; x_wconf 83' lang='grc' dir='ltr'><strong>ὸρίσατε</strong></span> <span class='ocrx_word' id='word_1_6' title='bbox 470 551 546 636; x_wconf 76' lang='grc' dir='ltr'><strong>πρὸς</strong></span> <span class='ocrx_word' id='word_1_7' title='bbox 562 530 644 624; x_wconf 79' lang='grc' dir='ltr'><strong>Ιποάς</strong></span> <span class='ocrx_word' id='word_1_8' title='bbox 666 553 800 638; x_wconf 78' lang='grc' dir='ltr'><strong>πρώτους</strong></span> <span class='ocrx_word' id='word_1_9' title='bbox 824 547 972 636; x_wconf 80' lang='grc' dir='ltr'><strong>έκηνους,</strong></span> <span class='ocrx_word' id='word_1_10' title='bbox 997 545 1076 614; x_wconf 84' lang='grc' dir='ltr'><strong>ὅπου</strong></span> <span class='ocrx_word' id='word_1_11' title='bbox 1099 550 1135 612; x_wconf 83' lang='grc' dir='ltr'><strong>ιὸ</strong></span> <span class='ocrx_word' id='word_1_12' title='bbox 1159 555 1351 635; x_wconf 82' lang='grc' dir='ltr'><strong>κραπουσην,</strong></span> 
     </span>
    </p>

    <p class='ocr_par' dir='ltr' id='par_1_3' title="bbox 79 667 1351 999">
     <span class='ocr_line' id='line_1_3' title="bbox 79 667 1350 760; baseline 0.002 -26"><span class='ocrx_word' id='word_1_13' title='bbox 79 673 119 734; x_wconf 85' lang='grc' dir='ltr'><strong>νά</strong></span> <span class='ocrx_word' id='word_1_14' title='bbox 140 669 334 760; x_wconf 80' lang='grc' dir='ltr'><strong>ἀντιστραφη</strong></span> <span class='ocrx_word' id='word_1_15' title='bbox 357 673 438 758; x_wconf 70' lang='grc' dir='ltr'><strong>πρὸς</strong></span> <span class='ocrx_word' id='word_1_16' title='bbox 460 671 535 747; x_wconf 75' lang='grc' dir='ltr'><strong>τοὺς</strong></span> <span class='ocrx_word' id='word_1_17' title='bbox 559 669 749 759; x_wconf 75' lang='grc' dir='ltr'>ἀνθρώπους</span> <span class='ocrx_word' id='word_1_18' title='bbox 772 681 828 760; x_wconf 71' lang='grc' dir='ltr'><strong>τῆς</strong></span> <span class='ocrx_word' id='word_1_19' title='bbox 852 667 1025 746; x_wconf 82' lang='grc' dir='ltr'><strong>αίιθονπίας</strong></span> <span class='ocrx_word' id='word_1_20' title='bbox 1048 693 1109 758; x_wconf 90' lang='grc' dir='ltr'><strong>μου</strong></span> <span class='ocrx_word' id='word_1_21' title='bbox 1133 668 1350 756; x_wconf 84' lang='grc' dir='ltr'><strong>ἀπαραίπιτος.</strong></span> 
     </span>
     <span class='ocr_line' id='line_1_4' title="bbox 168 791 1262 882; baseline 0 -22"><span class='ocrx_word' id='word_1_22' title='bbox 168 791 285 881; x_wconf 81' lang='grc' dir='ltr'><strong>Μηνί</strong></span> <span class='ocrx_word' id='word_1_23' title='bbox 318 793 580 882; x_wconf 82' lang='grc' dir='ltr'><strong>ίανουαρίω</strong></span> <span class='ocrx_word' id='word_1_24' title='bbox 616 793 640 870; x_wconf 72' lang='grc' dir='ltr'><strong>ζ’</strong></span> <span class='ocrx_word' id='word_1_25' title='bbox 672 793 717 861; x_wconf 83' lang='grc' dir='ltr'><strong>έν</strong></span> <span class='ocrx_word' id='word_1_26' title='bbox 750 795 1262 862; x_wconf 82' lang='grc' dir='ltr'><strong>Κονστανπινουπὸλει.</strong></span> 
     </span>
     <span class='ocr_line' id='line_1_5' title="bbox 167 885 1351 999; baseline 0.003 -20"><span class='ocrx_word' id='word_1_27' title='bbox 167 923 247 996; x_wconf 71' lang='grc' dir='ltr'><strong>θήρ.</strong></span> <span class='ocrx_word' id='word_1_28' title='bbox 268 925 359 984; x_wconf 65' lang='lat' dir='ltr'><strong><em>chart.</em></strong></span> <span class='ocrx_word' id='word_1_29' title='bbox 377 925 518 982; x_wconf 68' lang='lat' dir='ltr'><strong><em>tabularii</em></strong></span> <span class='ocrx_word' id='word_1_30' title='bbox 543 885 788 999; x_wconf 32' lang='grc' dir='ltr'><strong>Υοκοίίάθίρπιιυο</strong></span> <span class='ocrx_word' id='word_1_31' title='bbox 802 927 984 999; x_wconf 70' lang='lat' dir='ltr'><strong>inperatoria</strong></span> <span class='ocrx_word' id='word_1_32' title='bbox 1004 943 1125 982; x_wconf 75' lang='lat' dir='ltr'><strong><em>aureum</em></strong></span> <span class='ocrx_word' id='word_1_33' title='bbox 1139 935 1167 982; x_wconf 80' lang='grc' dir='ltr'><strong>εί</strong></span> <span class='ocrx_word' id='word_1_34' title='bbox 1180 925 1351 982; x_wconf 65' lang='lat' dir='ltr'><strong>curulem.</strong></span> 
     </span>
    </p>
   </div>
   <div class='ocr_carea' id='block_1_3' title="bbox 367 1217 1059 1462">
    <p class='ocr_par' dir='ltr' id='par_1_4' title="bbox 367 1217 1059 1462">
     <span class='ocr_line' id='line_1_6' title="bbox 367 1217 1059 1302; baseline 0.009 -18"><span class='ocrx_word' id='word_1_35' title='bbox 367 1217 434 1285; x_wconf 81' lang='grc' dir='ltr'><strong>ΧΠ.</strong></span> <span class='ocrx_word' id='word_1_36' title='bbox 451 1217 539 1290; x_wconf 83' lang='grc'>6987</span> <span class='ocrx_word' id='word_1_37' title='bbox 556 1219 673 1302; x_wconf 77' lang='lat'>(1479)</span> <span class='ocrx_word' id='word_1_38' title='bbox 689 1223 742 1288; x_wconf 79' lang='lat'><strong>25.</strong></span> <span class='ocrx_word' id='word_1_39' title='bbox 759 1217 895 1286; x_wconf 72' lang='lat' dir='ltr'><strong>ianuarii</strong></span> <span class='ocrx_word' id='word_1_40' title='bbox 909 1218 974 1288; x_wconf 88' lang='lat' dir='ltr'><strong>ind.</strong></span> <span class='ocrx_word' id='word_1_41' title='bbox 991 1219 1059 1290; x_wconf 84' lang='lat' dir='ltr'>XII.</span> 
     </span>
     <span class='ocr_line' id='line_1_7' title="bbox 386 1385 1050 1462; baseline 0.006 -21"><span class='ocrx_word' id='word_1_42' title='bbox 386 1386 568 1442; x_wconf 66' lang='lat' dir='ltr'><strong>mamm</strong></span> <span class='ocrx_word' id='word_1_43' title='bbox 582 1386 629 1444; x_wconf 80' lang='grc' dir='ltr'><strong>ιι.</strong></span> <span class='ocrx_word' id='word_1_44' title='bbox 646 1405 708 1442; x_wconf 65' lang='grc' dir='ltr'><strong>ιιι.</strong></span> <span class='ocrx_word' id='word_1_45' title='bbox 729 1385 840 1443; x_wconf 62' lang='lat' dir='ltr'><strong>mm</strong></span> <span class='ocrx_word' id='word_1_46' title='bbox 851 1405 953 1460; x_wconf 70' lang='lat' dir='ltr'><strong>pam</strong></span> <span class='ocrx_word' id='word_1_47' title='bbox 962 1387 1050 1462; x_wconf 64' lang='lat' dir='ltr'><strong>sam.</strong></span> 
     </span>
    </p>
   </div>
   <div class='ocr_carea' id='block_1_4' title="bbox 71 1531 1358 3974">
    <p class='ocr_par' dir='ltr' id='par_1_5' title="bbox 71 1531 1358 3974">
     <span class='ocr_line' id='line_1_8' title="bbox 165 1531 1352 1626; baseline 0 -23"><span class='ocrx_word' id='word_1_48' title='bbox 165 1534 202 1603; x_wconf 82' lang='lat'><strong>‘0</strong></span> <span class='ocrx_word' id='word_1_49' title='bbox 226 1539 327 1623; x_wconf 90' lang='grc' dir='ltr'><strong>μέγας</strong></span> <span class='ocrx_word' id='word_1_50' title='bbox 357 1531 516 1625; x_wconf 74' lang='grc' dir='ltr'><strong>αὐθέντης</strong></span> <span class='ocrx_word' id='word_1_51' title='bbox 538 1541 595 1602; x_wconf 86' lang='grc' dir='ltr'><strong>καί</strong></span> <span class='ocrx_word' id='word_1_52' title='bbox 623 1541 724 1624; x_wconf 90' lang='grc' dir='ltr'><strong>μέγας</strong></span> <span class='ocrx_word' id='word_1_53' title='bbox 748 1533 887 1624; x_wconf 85' lang='grc' dir='ltr'><strong>ἀμοιράς</strong></span> <span class='ocrx_word' id='word_1_54' title='bbox 911 1539 1048 1605; x_wconf 83' lang='grc' dir='ltr'><strong>σουλτάν</strong></span> <span class='ocrx_word' id='word_1_55' title='bbox 1074 1537 1352 1626; x_wconf 83' lang='grc' dir='ltr'><strong>Μεχαιμεππέειης</strong></span> 
     </span>
     <span class='ocr_line' id='line_1_9' title="bbox 74 1655 1351 1750; baseline 0.003 -26"><span class='ocrx_word' id='word_1_56' title='bbox 74 1663 132 1724; x_wconf 90' lang='grc' dir='ltr'><strong>καί</strong></span> <span class='ocrx_word' id='word_1_57' title='bbox 156 1657 223 1735; x_wconf 76' lang='grc' dir='ltr'><strong>υίὸς</strong></span> <span class='ocrx_word' id='word_1_58' title='bbox 246 1669 301 1725; x_wconf 81' lang='grc' dir='ltr'><strong>τοῦ</strong></span> <span class='ocrx_word' id='word_1_59' title='bbox 319 1665 497 1747; x_wconf 74' lang='grc' dir='ltr'><strong>μακαρίτου</strong></span> <span class='ocrx_word' id='word_1_60' title='bbox 521 1661 664 1747; x_wconf 83' lang='grc' dir='ltr'><strong>μεγάλου</strong></span> <span class='ocrx_word' id='word_1_61' title='bbox 688 1655 846 1725; x_wconf 82' lang='grc' dir='ltr'><strong>αόθένπου</strong></span> <span class='ocrx_word' id='word_1_62' title='bbox 870 1669 926 1726; x_wconf 81' lang='grc' dir='ltr'><strong>τοῦ</strong></span> <span class='ocrx_word' id='word_1_63' title='bbox 940 1659 1182 1750; x_wconf 81' lang='grc' dir='ltr'><strong>Μουρατμπέιη,</strong></span> <span class='ocrx_word' id='word_1_64' title='bbox 1205 1659 1351 1749; x_wconf 85' lang='grc' dir='ltr'><strong>ίιμναίγον</strong></span> 
     </span>
     <span class='ocr_line' id='line_1_10' title="bbox 76 1779 1350 1874; baseline 0.003 -28"><span class='ocrx_word' id='word_1_65' title='bbox 76 1781 124 1856; x_wconf 80' lang='grc' dir='ltr'><strong>είς</strong></span> <span class='ocrx_word' id='word_1_66' title='bbox 146 1786 199 1848; x_wconf 81' lang='grc' dir='ltr'><strong>τάν</strong></span> <span class='ocrx_word' id='word_1_67' title='bbox 215 1785 294 1850; x_wconf 77' lang='grc' dir='ltr'><strong>θεὸν</strong></span> <span class='ocrx_word' id='word_1_68' title='bbox 310 1791 366 1848; x_wconf 80' lang='grc' dir='ltr'><strong>τοῦ</strong></span> <span class='ocrx_word' id='word_1_69' title='bbox 383 1779 518 1870; x_wconf 75' lang='grc' dir='ltr'><strong>οὐρανοῦ</strong></span> <span class='ocrx_word' id='word_1_70' title='bbox 536 1788 592 1850; x_wconf 84' lang='grc' dir='ltr'><strong>καί</strong></span> <span class='ocrx_word' id='word_1_71' title='bbox 607 1793 663 1872; x_wconf 81' lang='grc' dir='ltr'><strong>τῆς</strong></span> <span class='ocrx_word' id='word_1_72' title='bbox 686 1791 746 1870; x_wconf 85' lang='grc' dir='ltr'><strong>γῆς</strong></span> <span class='ocrx_word' id='word_1_73' title='bbox 761 1788 818 1850; x_wconf 83' lang='grc' dir='ltr'><strong>καί</strong></span> <span class='ocrx_word' id='word_1_74' title='bbox 834 1783 879 1856; x_wconf 79' lang='grc' dir='ltr'><strong>είς</strong></span> <span class='ocrx_word' id='word_1_75' title='bbox 894 1785 948 1850; x_wconf 80' lang='grc' dir='ltr'><strong>τάν</strong></span> <span class='ocrx_word' id='word_1_76' title='bbox 965 1788 1066 1870; x_wconf 86' lang='grc' dir='ltr'><strong>μέγαν</strong></span> <span class='ocrx_word' id='word_1_77' title='bbox 1082 1781 1170 1872; x_wconf 77' lang='grc' dir='ltr'><strong>ἡμῶν</strong></span> <span class='ocrx_word' id='word_1_78' title='bbox 1187 1787 1350 1874; x_wconf 74' lang='grc' dir='ltr'>προφήτην</span> 
     </span>
     <span class='ocr_line' id='line_1_11' title="bbox 76 1905 1351 1996; baseline 0.003 -26"><span class='ocrx_word' id='word_1_79' title='bbox 76 1907 131 1972; x_wconf 82' lang='grc' dir='ltr'><strong>τάν</strong></span> <span class='ocrx_word' id='word_1_80' title='bbox 153 1905 304 1992; x_wconf 81' lang='grc' dir='ltr'><strong>Μυάμεθ</strong></span> <span class='ocrx_word' id='word_1_81' title='bbox 331 1911 388 1972; x_wconf 88' lang='grc' dir='ltr'><strong>καί</strong></span> <span class='ocrx_word' id='word_1_82' title='bbox 416 1907 462 1981; x_wconf 83' lang='grc' dir='ltr'><strong>είς</strong></span> <span class='ocrx_word' id='word_1_83' title='bbox 488 1911 528 1972; x_wconf 84' lang='grc' dir='ltr'><strong>τὰ</strong></span> <span class='ocrx_word' id='word_1_84' title='bbox 556 1905 635 1973; x_wconf 85' lang='grc' dir='ltr'><strong>έππά</strong></span> <span class='ocrx_word' id='word_1_85' title='bbox 664 1909 842 1996; x_wconf 84' lang='grc' dir='ltr'><strong>μουσάρια,</strong></span> <span class='ocrx_word' id='word_1_86' title='bbox 870 1911 910 1972; x_wconf 84' lang='grc' dir='ltr'><strong>πά</strong></span> <span class='ocrx_word' id='word_1_87' title='bbox 938 1916 1117 1994; x_wconf 75' lang='grc' dir='ltr'><strong>κρατοῦμεν</strong></span> <span class='ocrx_word' id='word_1_88' title='bbox 1145 1911 1202 1973; x_wconf 88' lang='grc' dir='ltr'><strong>καί</strong></span> <span class='ocrx_word' id='word_1_89' title='bbox 1230 1907 1351 1994; x_wconf 78' lang='grc' dir='ltr'><strong>ὁμολο-</strong></span> 
     </span>
     <span class='ocr_line' id='line_1_12' title="bbox 74 2025 1352 2118; baseline 0.001 -24"><span class='ocrx_word' id='word_1_90' title='bbox 74 2038 194 2115; x_wconf 79' lang='grc' dir='ltr'><strong>γοῦμεν</strong></span> <span class='ocrx_word' id='word_1_91' title='bbox 218 2025 311 2116; x_wconf 82' lang='grc' dir='ltr'><strong>ἡμεῖς</strong></span> <span class='ocrx_word' id='word_1_92' title='bbox 334 2028 365 2094; x_wconf 94' lang='grc' dir='ltr'><strong>οί</strong></span> <span class='ocrx_word' id='word_1_93' title='bbox 388 2032 636 2117; x_wconf 86' lang='grc' dir='ltr'><strong>μουσοολμάνοι,</strong></span> <span class='ocrx_word' id='word_1_94' title='bbox 659 2033 715 2095; x_wconf 90' lang='grc' dir='ltr'><strong>καί</strong></span> <span class='ocrx_word' id='word_1_95' title='bbox 738 2029 784 2104; x_wconf 83' lang='grc' dir='ltr'><strong>είς</strong></span> <span class='ocrx_word' id='word_1_96' title='bbox 807 2031 880 2103; x_wconf 84' lang='grc' dir='ltr'><strong>τοάς</strong></span> <span class='ocrx_word' id='word_1_97' title='bbox 904 2029 972 2117; x_wconf 82' lang='grc' dir='ltr'><strong>ρκδ’</strong></span> <span class='ocrx_word' id='word_1_98' title='bbox 993 2034 1157 2118; x_wconf 73' lang='grc' dir='ltr'><strong>προφήτας</strong></span> <span class='ocrx_word' id='word_1_99' title='bbox 1185 2039 1241 2096; x_wconf 80' lang='grc' dir='ltr'><strong>τοῦ</strong></span> <span class='ocrx_word' id='word_1_100' title='bbox 1269 2033 1352 2096; x_wconf 75' lang='grc' dir='ltr'><strong>θεοῦ</strong></span> 
     </span>
     <span class='ocr_line' id='line_1_13' title="bbox 73 2151 1353 2242; baseline 0 -24"><span class='ocrx_word' id='word_1_101' title='bbox 73 2153 192 2218; x_wconf 78' lang='grc' dir='ltr'><strong>πλειών</strong></span> <span class='ocrx_word' id='word_1_102' title='bbox 220 2173 254 2218; x_wconf 85' lang='grc' dir='ltr'><strong>τε</strong></span> <span class='ocrx_word' id='word_1_103' title='bbox 282 2157 338 2218; x_wconf 89' lang='grc' dir='ltr'><strong>καί</strong></span> <span class='ocrx_word' id='word_1_104' title='bbox 372 2151 487 2233; x_wconf 79' lang='grc' dir='ltr'><strong>θλίγυν</strong></span> <span class='ocrx_word' id='word_1_105' title='bbox 515 2157 572 2220; x_wconf 87' lang='grc' dir='ltr'><strong>καί</strong></span> <span class='ocrx_word' id='word_1_106' title='bbox 606 2153 652 2228; x_wconf 88' lang='grc' dir='ltr'><strong>είς</strong></span> <span class='ocrx_word' id='word_1_107' title='bbox 680 2153 735 2242; x_wconf 80' lang='grc' dir='ltr'><strong>τήν</strong></span> <span class='ocrx_word' id='word_1_108' title='bbox 770 2159 888 2231; x_wconf 89' lang='grc' dir='ltr'><strong>πίστιν,</strong></span> <span class='ocrx_word' id='word_1_109' title='bbox 924 2151 1003 2219; x_wconf 79' lang='grc' dir='ltr'><strong>ὀποῦ</strong></span> <span class='ocrx_word' id='word_1_110' title='bbox 1029 2155 1165 2220; x_wconf 76' lang='grc' dir='ltr'>πιστεύω</span> <span class='ocrx_word' id='word_1_111' title='bbox 1188 2157 1245 2219; x_wconf 86' lang='grc' dir='ltr'><strong>καί</strong></span> <span class='ocrx_word' id='word_1_112' title='bbox 1272 2151 1353 2238; x_wconf 82' lang='grc' dir='ltr'><strong>ὁμο-</strong></span> 
     </span>
     <span class='ocr_line' id='line_1_14' title="bbox 74 2275 1352 2366; baseline 0 -26"><span class='ocrx_word' id='word_1_113' title='bbox 74 2277 174 2356; x_wconf 88' lang='grc' dir='ltr'><strong>λογώ,</strong></span> <span class='ocrx_word' id='word_1_114' title='bbox 197 2279 255 2342; x_wconf 89' lang='grc' dir='ltr'><strong>καί</strong></span> <span class='ocrx_word' id='word_1_115' title='bbox 277 2275 323 2352; x_wconf 80' lang='grc' dir='ltr'><strong>είς</strong></span> <span class='ocrx_word' id='word_1_116' title='bbox 347 2277 402 2364; x_wconf 77' lang='grc' dir='ltr'><strong>την</strong></span> <span class='ocrx_word' id='word_1_117' title='bbox 426 2281 530 2365; x_wconf 78' lang='grc' dir='ltr'><strong>ψυχήν</strong></span> <span class='ocrx_word' id='word_1_118' title='bbox 555 2298 616 2363; x_wconf 93' lang='grc' dir='ltr'><strong>μου</strong></span> <span class='ocrx_word' id='word_1_119' title='bbox 635 2281 692 2341; x_wconf 92' lang='grc' dir='ltr'><strong>καί</strong></span> <span class='ocrx_word' id='word_1_120' title='bbox 715 2275 760 2352; x_wconf 84' lang='grc' dir='ltr'><strong>είς</strong></span> <span class='ocrx_word' id='word_1_121' title='bbox 783 2277 838 2363; x_wconf 72' lang='grc' dir='ltr'><strong>την</strong></span> <span class='ocrx_word' id='word_1_122' title='bbox 862 2277 966 2366; x_wconf 78' lang='grc' dir='ltr'><strong>ψυχὴν</strong></span> <span class='ocrx_word' id='word_1_123' title='bbox 989 2280 1186 2364; x_wconf 77' lang='grc' dir='ltr'><strong>τοῦπατρὸς</strong></span> <span class='ocrx_word' id='word_1_124' title='bbox 1210 2298 1271 2363; x_wconf 91' lang='grc' dir='ltr'><strong>μου</strong></span> <span class='ocrx_word' id='word_1_125' title='bbox 1295 2281 1352 2342; x_wconf 89' lang='grc' dir='ltr'><strong>καί</strong></span> 
     </span>
     <span class='ocr_line' id='line_1_15' title="bbox 75 2397 1352 2489; baseline 0.001 -24"><span class='ocrx_word' id='word_1_126' title='bbox 75 2399 121 2475; x_wconf 84' lang='grc' dir='ltr'><strong>είς</strong></span> <span class='ocrx_word' id='word_1_127' title='bbox 145 2403 182 2466; x_wconf 82' lang='grc' dir='ltr'><strong>πώ</strong></span> <span class='ocrx_word' id='word_1_128' title='bbox 206 2400 351 2489; x_wconf 82' lang='grc' dir='ltr'><strong>σπαθην,</strong></span> <span class='ocrx_word' id='word_1_129' title='bbox 376 2403 412 2466; x_wconf 79' lang='grc' dir='ltr'><strong>τά</strong></span> <span class='ocrx_word' id='word_1_130' title='bbox 441 2405 591 2488; x_wconf 75' lang='grc' dir='ltr'><strong>ζώνομαι.</strong></span> <span class='ocrx_word' id='word_1_131' title='bbox 616 2399 743 2488; x_wconf 79' lang='grc' dir='ltr'><strong>ίπειδήν</strong></span> <span class='ocrx_word' id='word_1_132' title='bbox 770 2397 791 2488; x_wconf 79' lang='grc' dir='ltr'><strong>ἡ</strong></span> <span class='ocrx_word' id='word_1_133' title='bbox 821 2397 976 2467; x_wconf 84' lang='grc' dir='ltr'><strong>αάθοντία</strong></span> <span class='ocrx_word' id='word_1_134' title='bbox 1006 2423 1066 2488; x_wconf 90' lang='grc' dir='ltr'><strong>μου</strong></span> <span class='ocrx_word' id='word_1_135' title='bbox 1090 2401 1175 2488; x_wconf 84' lang='grc' dir='ltr'><strong>εἶχεν</strong></span> <span class='ocrx_word' id='word_1_136' title='bbox 1201 2405 1352 2488; x_wconf 83' lang='grc' dir='ltr'><strong>πρότερον</strong></span> 
     </span>
     <span class='ocr_line' id='line_1_16' title="bbox 75 2520 1352 2614; baseline -0.002 -24"><span class='ocrx_word' id='word_1_137' title='bbox 75 2523 206 2610; x_wconf 90' lang='grc' dir='ltr'><strong>ἀγάπην</strong></span> <span class='ocrx_word' id='word_1_138' title='bbox 228 2527 286 2590; x_wconf 87' lang='grc' dir='ltr'><strong>καί</strong></span> <span class='ocrx_word' id='word_1_139' title='bbox 308 2527 414 2614; x_wconf 79' lang='grc' dir='ltr'><strong>φιλίαν</strong></span> <span class='ocrx_word' id='word_1_140' title='bbox 439 2529 520 2612; x_wconf 83' lang='grc' dir='ltr'><strong>μετὰ</strong></span> <span class='ocrx_word' id='word_1_141' title='bbox 543 2534 600 2612; x_wconf 84' lang='grc' dir='ltr'><strong>της</strong></span> <span class='ocrx_word' id='word_1_142' title='bbox 628 2523 892 2613; x_wconf 79' lang='grc' dir='ltr'><strong>έκλαμπροπάτης</strong></span> <span class='ocrx_word' id='word_1_143' title='bbox 915 2521 971 2590; x_wconf 80' lang='grc' dir='ltr'><strong>καί</strong></span> <span class='ocrx_word' id='word_1_144' title='bbox 999 2521 1201 2612; x_wconf 81' lang='grc' dir='ltr'><strong>ὑψηλοτάπης</strong></span> <span class='ocrx_word' id='word_1_145' title='bbox 1230 2520 1352 2590; x_wconf 74' lang='grc' dir='ltr'><strong>αὐθεν-</strong></span> 
     </span>
     <span class='ocr_line' id='line_1_17' title="bbox 74 2647 1352 2736; baseline 0.002 -24"><span class='ocrx_word' id='word_1_146' title='bbox 74 2653 146 2722; x_wconf 87' lang='grc' dir='ltr'><strong>τίας</strong></span> <span class='ocrx_word' id='word_1_147' title='bbox 171 2657 228 2734; x_wconf 79' lang='grc' dir='ltr'><strong>τῆς</strong></span> <span class='ocrx_word' id='word_1_148' title='bbox 249 2647 409 2727; x_wconf 85' lang='grc' dir='ltr'><strong>Βενεπίας,</strong></span> <span class='ocrx_word' id='word_1_149' title='bbox 433 2657 486 2713; x_wconf 80' lang='grc' dir='ltr'><strong>νῦν</strong></span> <span class='ocrx_word' id='word_1_150' title='bbox 509 2649 545 2713; x_wconf 75' lang='grc' dir='ltr'><strong>δέ</strong></span> <span class='ocrx_word' id='word_1_151' title='bbox 568 2649 662 2716; x_wconf 85' lang='grc' dir='ltr'><strong>πάλιν</strong></span> <span class='ocrx_word' id='word_1_152' title='bbox 687 2647 865 2735; x_wconf 87' lang='grc' dir='ltr'><strong>βουλομένη</strong></span> <span class='ocrx_word' id='word_1_153' title='bbox 887 2658 1018 2736; x_wconf 81' lang='grc' dir='ltr'><strong>ποιῆσαι</strong></span> <span class='ocrx_word' id='word_1_154' title='bbox 1045 2653 1120 2714; x_wconf 80' lang='grc' dir='ltr'><strong>νέαν</strong></span> <span class='ocrx_word' id='word_1_155' title='bbox 1145 2647 1271 2736; x_wconf 87' lang='grc' dir='ltr'><strong>ἀγάπην</strong></span> <span class='ocrx_word' id='word_1_156' title='bbox 1295 2653 1352 2714; x_wconf 83' lang='grc' dir='ltr'><strong>καί</strong></span> 
     </span>
     <span class='ocr_line' id='line_1_18' title="bbox 74 2771 1351 2862; baseline 0.002 -24"><span class='ocrx_word' id='word_1_157' title='bbox 74 2772 297 2860; x_wconf 81' lang='grc' dir='ltr'><strong>ἀρκομώτικών</strong></span> <span class='ocrx_word' id='word_1_158' title='bbox 322 2773 367 2847; x_wconf 83' lang='grc' dir='ltr'><strong>είς</strong></span> <span class='ocrx_word' id='word_1_159' title='bbox 392 2775 561 2858; x_wconf 75' lang='grc' dir='ltr'><strong>βεβαίωσιν</strong></span> <span class='ocrx_word' id='word_1_160' title='bbox 584 2774 688 2862; x_wconf 83' lang='grc' dir='ltr'><strong>καλης</strong></span> <span class='ocrx_word' id='word_1_161' title='bbox 708 2773 816 2862; x_wconf 81' lang='grc' dir='ltr'><strong>φιλίας</strong></span> <span class='ocrx_word' id='word_1_162' title='bbox 839 2778 896 2839; x_wconf 90' lang='grc' dir='ltr'><strong>καί</strong></span> <span class='ocrx_word' id='word_1_163' title='bbox 918 2779 993 2848; x_wconf 86' lang='grc' dir='ltr'><strong>νέας</strong></span> <span class='ocrx_word' id='word_1_164' title='bbox 1017 2771 1159 2862; x_wconf 87' lang='grc' dir='ltr'><strong>ἀγάπης,</strong></span> <span class='ocrx_word' id='word_1_165' title='bbox 1184 2771 1234 2840; x_wconf 79' lang='grc' dir='ltr'><strong>ίπί</strong></span> <span class='ocrx_word' id='word_1_166' title='bbox 1257 2783 1351 2840; x_wconf 82' lang='grc' dir='ltr'><strong>τοῦτο</strong></span> 
     </span>
     <span class='ocr_line' id='line_1_19' title="bbox 73 2894 1352 2986; baseline -0.002 -24"><span class='ocrx_word' id='word_1_167' title='bbox 73 2897 220 2962; x_wconf 80' lang='grc' dir='ltr'><strong>ἔστειλεν</strong></span> <span class='ocrx_word' id='word_1_168' title='bbox 247 2897 283 2963; x_wconf 79' lang='grc' dir='ltr'><strong>ἀί</strong></span> <span class='ocrx_word' id='word_1_169' title='bbox 312 2894 332 2985; x_wconf 80' lang='grc' dir='ltr'>ἡ</span> <span class='ocrx_word' id='word_1_170' title='bbox 361 2901 572 2985; x_wconf 73' lang='grc' dir='ltr'><strong>προειρημένη</strong></span> <span class='ocrx_word' id='word_1_171' title='bbox 602 2895 851 2986; x_wconf 84' lang='grc' dir='ltr'><strong>ίκλαμπροτάτη</strong></span> <span class='ocrx_word' id='word_1_172' title='bbox 881 2894 1035 2964; x_wconf 78' lang='grc' dir='ltr'><strong>αὖθιντία</strong></span> <span class='ocrx_word' id='word_1_173' title='bbox 1070 2901 1123 2964; x_wconf 80' lang='grc' dir='ltr'><strong>τὸν</strong></span> <span class='ocrx_word' id='word_1_174' title='bbox 1155 2895 1352 2984; x_wconf 75' lang='grc' dir='ltr'><strong>έίηρημένον</strong></span> 
     </span>
     <span class='ocr_line' id='line_1_20' title="bbox 72 3019 1358 3110; baseline -0.001 -23"><span class='ocrx_word' id='word_1_175' title='bbox 72 3027 130 3088; x_wconf 84' lang='grc' dir='ltr'><strong>καί</strong></span> <span class='ocrx_word' id='word_1_176' title='bbox 160 3024 258 3110; x_wconf 75' lang='grc' dir='ltr'><strong>σορὸν</strong></span> <span class='ocrx_word' id='word_1_177' title='bbox 287 3019 429 3108; x_wconf 77' lang='grc' dir='ltr'><strong>ἄρχοντα</strong></span> <span class='ocrx_word' id='word_1_178' title='bbox 462 3029 522 3108; x_wconf 82' lang='grc' dir='ltr'><strong>κώρ</strong></span> <span class='ocrx_word' id='word_1_179' title='bbox 550 3019 696 3109; x_wconf 82' lang='grc' dir='ltr'><strong>Ἰωάννην</strong></span> <span class='ocrx_word' id='word_1_180' title='bbox 724 3023 777 3086; x_wconf 78' lang='grc' dir='ltr'><strong>τὸν</strong></span> <span class='ocrx_word' id='word_1_181' title='bbox 804 3022 936 3107; x_wconf 75' lang='grc' dir='ltr'><strong>Δαρεῖον</strong></span> <span class='ocrx_word' id='word_1_182' title='bbox 972 3024 1178 3106; x_wconf 82' lang='grc' dir='ltr'><strong>σοκρετάριον</strong></span> <span class='ocrx_word' id='word_1_183' title='bbox 1214 3019 1358 3108; x_wconf 42' lang='grc' dir='ltr'><strong>ἀποκριῇ</strong></span> 
     </span>
     <span class='ocr_line' id='line_1_21' title="bbox 73 3141 1349 3234; baseline -0.002 -24"><span class='ocrx_word' id='word_1_184' title='bbox 73 3148 190 3232; x_wconf 81' lang='grc' dir='ltr'><strong>σιάρην</strong></span> <span class='ocrx_word' id='word_1_185' title='bbox 206 3143 251 3220; x_wconf 84' lang='grc' dir='ltr'><strong>είς</strong></span> <span class='ocrx_word' id='word_1_186' title='bbox 274 3145 329 3234; x_wconf 79' lang='grc' dir='ltr'><strong>τήν</strong></span> <span class='ocrx_word' id='word_1_187' title='bbox 354 3141 525 3210; x_wconf 83' lang='grc' dir='ltr'><strong>αάθιντίαν</strong></span> <span class='ocrx_word' id='word_1_188' title='bbox 551 3165 622 3230; x_wconf 92' lang='grc' dir='ltr'><strong>μου,</strong></span> <span class='ocrx_word' id='word_1_189' title='bbox 646 3146 700 3210; x_wconf 76' lang='grc' dir='ltr'><strong>διὰ</strong></span> <span class='ocrx_word' id='word_1_190' title='bbox 723 3147 763 3210; x_wconf 87' lang='grc' dir='ltr'><strong>νά</strong></span> <span class='ocrx_word' id='word_1_191' title='bbox 785 3147 967 3231; x_wconf 81' lang='grc' dir='ltr'><strong>ποιήσωμεν</strong></span> <span class='ocrx_word' id='word_1_192' title='bbox 990 3146 1045 3230; x_wconf 80' lang='grc' dir='ltr'><strong>τὴν</strong></span> <span class='ocrx_word' id='word_1_193' title='bbox 1066 3145 1241 3231; x_wconf 86' lang='grc' dir='ltr'><strong>λεγομένην</strong></span> <span class='ocrx_word' id='word_1_194' title='bbox 1264 3143 1349 3224; x_wconf 90' lang='grc' dir='ltr'><strong>ἀγά-</strong></span> 
     </span>
     <span class='ocr_line' id='line_1_22' title="bbox 71 3265 1351 3357; baseline -0.004 -22"><span class='ocrx_word' id='word_1_195' title='bbox 71 3289 136 3356; x_wconf 89' lang='grc' dir='ltr'><strong>πην</strong></span> <span class='ocrx_word' id='word_1_196' title='bbox 163 3271 203 3354; x_wconf 77' lang='grc' dir='ltr'><strong>μέ</strong></span> <span class='ocrx_word' id='word_1_197' title='bbox 226 3273 266 3334; x_wconf 85' lang='grc' dir='ltr'><strong>τὰ</strong></span> <span class='ocrx_word' id='word_1_198' title='bbox 288 3272 377 3334; x_wconf 86' lang='grc' dir='ltr'><strong>κοίτυ</strong></span> <span class='ocrx_word' id='word_1_199' title='bbox 405 3273 612 3356; x_wconf 83' lang='grc' dir='ltr'><strong>γογραμμίνα</strong></span> <span class='ocrx_word' id='word_1_200' title='bbox 640 3265 812 3357; x_wconf 80' lang='grc' dir='ltr'><strong>κεφάλαια,</strong></span> <span class='ocrx_word' id='word_1_201' title='bbox 828 3269 951 3334; x_wconf 86' lang='grc' dir='ltr'><strong>παλαιά</strong></span> <span class='ocrx_word' id='word_1_202' title='bbox 975 3289 1008 3331; x_wconf 82' lang='grc' dir='ltr'><strong>τε</strong></span> <span class='ocrx_word' id='word_1_203' title='bbox 1032 3271 1088 3332; x_wconf 86' lang='grc' dir='ltr'><strong>καί</strong></span> <span class='ocrx_word' id='word_1_204' title='bbox 1111 3270 1178 3332; x_wconf 91' lang='grc' dir='ltr'><strong>νέα.</strong></span> <span class='ocrx_word' id='word_1_205' title='bbox 1204 3265 1253 3332; x_wconf 80' lang='grc' dir='ltr'><strong>ἐπὶ</strong></span> <span class='ocrx_word' id='word_1_206' title='bbox 1277 3269 1351 3332; x_wconf 83' lang='grc' dir='ltr'><strong>ποώ-</strong></span> 
     </span>
     <span class='ocr_line' id='line_1_23' title="bbox 72 3386 1349 3480; baseline -0.002 -23"><span class='ocrx_word' id='word_1_207' title='bbox 72 3417 116 3480; x_wconf 83' lang='grc' dir='ltr'><strong>τιρ</strong></span> <span class='ocrx_word' id='word_1_208' title='bbox 147 3393 184 3456; x_wconf 76' lang='grc' dir='ltr'><strong>δέ</strong></span> <span class='ocrx_word' id='word_1_209' title='bbox 209 3388 230 3479; x_wconf 78' lang='grc' dir='ltr'><strong>η</strong></span> <span class='ocrx_word' id='word_1_210' title='bbox 260 3387 413 3458; x_wconf 77' lang='grc' dir='ltr'><strong>αόθεντία</strong></span> <span class='ocrx_word' id='word_1_211' title='bbox 441 3412 502 3477; x_wconf 92' lang='grc' dir='ltr'><strong>μου</strong></span> <span class='ocrx_word' id='word_1_212' title='bbox 530 3388 713 3478; x_wconf 76' lang='grc' dir='ltr'><strong>ὑπίσχομαι</strong></span> <span class='ocrx_word' id='word_1_213' title='bbox 743 3391 798 3456; x_wconf 76' lang='grc' dir='ltr'><strong>διὰ</strong></span> <span class='ocrx_word' id='word_1_214' title='bbox 821 3401 882 3456; x_wconf 85' lang='grc' dir='ltr'><strong>τών</strong></span> <span class='ocrx_word' id='word_1_215' title='bbox 905 3389 970 3456; x_wconf 83' lang='grc' dir='ltr'><strong>ἀνω</strong></span> <span class='ocrx_word' id='word_1_216' title='bbox 995 3395 1221 3477; x_wconf 79' lang='grc' dir='ltr'><strong>γεγραμμένων</strong></span> <span class='ocrx_word' id='word_1_217' title='bbox 1246 3386 1349 3476; x_wconf 80' lang='grc' dir='ltr'><strong>ὅρκων</strong></span> 
     </span>
     <span class='ocr_line' id='line_1_24' title="bbox 72 3512 1349 3604; baseline -0.002 -24"><span class='ocrx_word' id='word_1_218' title='bbox 72 3519 109 3581; x_wconf 83' lang='grc' dir='ltr'><strong>πώ</strong></span> <span class='ocrx_word' id='word_1_219' title='bbox 139 3517 255 3588; x_wconf 89' lang='grc' dir='ltr'><strong>καθώς</strong></span> <span class='ocrx_word' id='word_1_220' title='bbox 282 3512 359 3603; x_wconf 79' lang='grc' dir='ltr'><strong>ἠτον</strong></span> <span class='ocrx_word' id='word_1_221' title='bbox 387 3513 497 3602; x_wconf 80' lang='grc' dir='ltr'><strong>ἀγάπη</strong></span> <span class='ocrx_word' id='word_1_222' title='bbox 525 3519 582 3581; x_wconf 85' lang='grc' dir='ltr'><strong>καί</strong></span> <span class='ocrx_word' id='word_1_223' title='bbox 609 3515 700 3604; x_wconf 78' lang='grc' dir='ltr'><strong>φιλία</strong></span> <span class='ocrx_word' id='word_1_224' title='bbox 726 3519 877 3601; x_wconf 83' lang='grc' dir='ltr'><strong>πρότερον</strong></span> <span class='ocrx_word' id='word_1_225' title='bbox 897 3513 1067 3602; x_wconf 77' lang='grc' dir='ltr'><strong>,ἀνάμεσυν</strong></span> <span class='ocrx_word' id='word_1_226' title='bbox 1097 3536 1160 3600; x_wconf 89' lang='grc' dir='ltr'><strong>μοις</strong></span> <span class='ocrx_word' id='word_1_227' title='bbox 1187 3512 1284 3602; x_wconf 80' lang='grc' dir='ltr'><strong>ἤγουν</strong></span> <span class='ocrx_word' id='word_1_228' title='bbox 1310 3517 1349 3600; x_wconf 89' lang='grc' dir='ltr'><strong>μέ</strong></span> 
     </span>
     <span class='ocr_line' id='line_1_25' title="bbox 71 3635 1348 3726; baseline -0.003 -20"><span class='ocrx_word' id='word_1_229' title='bbox 71 3641 150 3715; x_wconf 69' lang='grc' dir='ltr'><strong>τοὺς</strong></span> <span class='ocrx_word' id='word_1_230' title='bbox 173 3637 333 3726; x_wconf 79' lang='grc' dir='ltr'><strong>ἄρχοντας</strong></span> <span class='ocrx_word' id='word_1_231' title='bbox 355 3642 412 3704; x_wconf 85' lang='grc' dir='ltr'><strong>καί</strong></span> <span class='ocrx_word' id='word_1_232' title='bbox 435 3637 625 3724; x_wconf 74' lang='grc' dir='ltr'><strong>ἀνθρώπους</strong></span> <span class='ocrx_word' id='word_1_233' title='bbox 648 3643 705 3704; x_wconf 91' lang='grc' dir='ltr'><strong>καί</strong></span> <span class='ocrx_word' id='word_1_234' title='bbox 728 3644 919 3726; x_wconf 78' lang='grc' dir='ltr'><strong>συμμάχους</strong></span> <span class='ocrx_word' id='word_1_235' title='bbox 944 3635 1062 3718; x_wconf 82' lang='grc' dir='ltr'><strong>αίιπών,</strong></span> <span class='ocrx_word' id='word_1_236' title='bbox 1090 3642 1202 3724; x_wconf 84' lang='grc' dir='ltr'><strong>κάμνον</strong></span> <span class='ocrx_word' id='word_1_237' title='bbox 1230 3639 1266 3704; x_wconf 82' lang='grc' dir='ltr'><strong>δέ</strong></span> <span class='ocrx_word' id='word_1_238' title='bbox 1294 3659 1348 3702; x_wconf 91' lang='grc' dir='ltr'><strong>πι-</strong></span> 
     </span>
     <span class='ocr_line' id='line_1_26' title="bbox 71 3759 1348 3850; baseline -0.002 -21"><span class='ocrx_word' id='word_1_239' title='bbox 71 3765 167 3850; x_wconf 70' lang='grc' dir='ltr'><strong>στὴν,</strong></span> <span class='ocrx_word' id='word_1_240' title='bbox 196 3761 300 3849; x_wconf 81' lang='grc' dir='ltr'><strong>καλήν</strong></span> <span class='ocrx_word' id='word_1_241' title='bbox 323 3765 379 3827; x_wconf 82' lang='grc' dir='ltr'><strong>καί</strong></span> <span class='ocrx_word' id='word_1_242' title='bbox 402 3763 554 3848; x_wconf 85' lang='grc' dir='ltr'><strong>καθαρὰν</strong></span> <span class='ocrx_word' id='word_1_243' title='bbox 579 3759 706 3850; x_wconf 84' lang='grc' dir='ltr'><strong>ἀγάπην</strong></span> <span class='ocrx_word' id='word_1_244' title='bbox 730 3764 764 3827; x_wconf 79' lang='grc' dir='ltr'><strong>τὰ</strong></span> <span class='ocrx_word' id='word_1_245' title='bbox 788 3763 843 3827; x_wconf 80' lang='grc' dir='ltr'><strong>διὰ</strong></span> <span class='ocrx_word' id='word_1_246' title='bbox 866 3763 964 3850; x_wconf 73' lang='grc' dir='ltr'><strong>ξηρᾶς</strong></span> <span class='ocrx_word' id='word_1_247' title='bbox 987 3767 1043 3828; x_wconf 81' lang='grc' dir='ltr'><strong>καί</strong></span> <span class='ocrx_word' id='word_1_248' title='bbox 1066 3762 1240 3848; x_wconf 77' lang='grc' dir='ltr'><strong>θαλάσσης</strong></span> <span class='ocrx_word' id='word_1_249' title='bbox 1264 3765 1348 3848; x_wconf 83' lang='grc' dir='ltr'><strong>μέσα</strong></span> 
     </span>
     <span class='ocr_line' id='line_1_27' title="bbox 71 3882 1348 3974; baseline -0.003 -21"><span class='ocrx_word' id='word_1_250' title='bbox 71 3891 131 3953; x_wconf 86' lang='grc' dir='ltr'><strong>καί</strong></span> <span class='ocrx_word' id='word_1_251' title='bbox 160 3885 220 3962; x_wconf 75' lang='grc' dir='ltr'><strong>ἔξω</strong></span> <span class='ocrx_word' id='word_1_252' title='bbox 247 3895 303 3952; x_wconf 80' lang='grc' dir='ltr'><strong>που</strong></span> <span class='ocrx_word' id='word_1_253' title='bbox 327 3883 456 3964; x_wconf 84' lang='grc' dir='ltr'><strong>Στενοώ,</strong></span> <span class='ocrx_word' id='word_1_254' title='bbox 486 3889 525 3971; x_wconf 80' lang='grc' dir='ltr'><strong>μέ</strong></span> <span class='ocrx_word' id='word_1_255' title='bbox 553 3888 689 3972; x_wconf 78' lang='grc' dir='ltr'><strong>χώραις,</strong></span> <span class='ocrx_word' id='word_1_256' title='bbox 718 3888 886 3971; x_wconf 86' lang='grc' dir='ltr'><strong>κάστροις,</strong></span> <span class='ocrx_word' id='word_1_257' title='bbox 914 3889 1011 3974; x_wconf 91' lang='grc' dir='ltr'><strong>νησία</strong></span> <span class='ocrx_word' id='word_1_258' title='bbox 1033 3889 1089 3950; x_wconf 84' lang='grc' dir='ltr'><strong>καί</strong></span> <span class='ocrx_word' id='word_1_259' title='bbox 1111 3889 1241 3962; x_wconf 80' lang='grc' dir='ltr'><strong>πόπους,</strong></span> <span class='ocrx_word' id='word_1_260' title='bbox 1270 3882 1348 3950; x_wconf 82' lang='grc' dir='ltr'><strong>δποώ</strong></span> 
     </span>
    </p>
   </div>
   <div class='ocr_carea' id='block_1_5' title="bbox 72 3985 1348 4099">
    <p class='ocr_par' dir='ltr' id='par_1_6' title="bbox 72 3985 1348 4099">
     <span class='ocr_line' id='line_1_28' title="bbox 72 3985 1348 4099; baseline -0.002 -23"><span class='ocrx_word' id='word_1_261' title='bbox 72 3985 275 4099; x_wconf 76' lang='grc' dir='ltr'><strong>σηκώνουάιν</strong></span> <span class='ocrx_word' id='word_1_262' title='bbox 298 4013 333 4076; x_wconf 83' lang='grc' dir='ltr'><strong>τά</strong></span> <span class='ocrx_word' id='word_1_263' title='bbox 357 4021 488 4096; x_wconf 79' lang='grc' dir='ltr'><strong>σημεῖον</strong></span> <span class='ocrx_word' id='word_1_264' title='bbox 512 4015 567 4073; x_wconf 81' lang='grc' dir='ltr'><strong>που</strong></span> <span class='ocrx_word' id='word_1_265' title='bbox 592 4005 685 4088; x_wconf 87' lang='grc' dir='ltr'><strong>ἁγίου</strong></span> <span class='ocrx_word' id='word_1_266' title='bbox 705 4007 851 4096; x_wconf 86' lang='grc' dir='ltr'><strong>Μάρκου,</strong></span> <span class='ocrx_word' id='word_1_267' title='bbox 875 4013 931 4074; x_wconf 89' lang='grc' dir='ltr'><strong>καί</strong></span> <span class='ocrx_word' id='word_1_268' title='bbox 958 4005 1049 4082; x_wconf 82' lang='grc' dir='ltr'><strong>ὅσαις</strong></span> <span class='ocrx_word' id='word_1_269' title='bbox 1076 4010 1210 4075; x_wconf 79' lang='grc' dir='ltr'><strong>θέλουσι</strong></span> <span class='ocrx_word' id='word_1_270' title='bbox 1238 4011 1348 4097; x_wconf 89' lang='grc' dir='ltr'><strong>σηκώ·</strong></span> 
     </span>
    </p>
   </div>
   <div class='ocr_carea' id='block_1_6' title="bbox 72 4127 1353 4840">
    <p class='ocr_par' dir='ltr' id='par_1_7' title="bbox 72 4127 1353 4840">
     <span class='ocr_line' id='line_1_29' title="bbox 72 4127 1351 4220; baseline -0.003 -21"><span class='ocrx_word' id='word_1_271' title='bbox 72 4153 141 4200; x_wconf 87' lang='grc' dir='ltr'><strong>νειν</strong></span> <span class='ocrx_word' id='word_1_272' title='bbox 165 4131 209 4207; x_wconf 84' lang='grc' dir='ltr'><strong>είς</strong></span> <span class='ocrx_word' id='word_1_273' title='bbox 233 4135 268 4198; x_wconf 85' lang='grc' dir='ltr'><strong>πό</strong></span> <span class='ocrx_word' id='word_1_274' title='bbox 292 4131 378 4220; x_wconf 77' lang='grc' dir='ltr'><strong>ίξης,</strong></span> <span class='ocrx_word' id='word_1_275' title='bbox 402 4131 460 4198; x_wconf 86' lang='grc' dir='ltr'><strong>καί</strong></span> <span class='ocrx_word' id='word_1_276' title='bbox 483 4129 553 4197; x_wconf 86' lang='grc' dir='ltr'><strong>ὅσοι</strong></span> <span class='ocrx_word' id='word_1_277' title='bbox 580 4129 670 4196; x_wconf 81' lang='grc' dir='ltr'><strong>πόποι</strong></span> <span class='ocrx_word' id='word_1_278' title='bbox 698 4129 777 4196; x_wconf 84' lang='grc' dir='ltr'><strong>εἶναι</strong></span> <span class='ocrx_word' id='word_1_279' title='bbox 805 4130 849 4206; x_wconf 87' lang='grc' dir='ltr'><strong>είς</strong></span> <span class='ocrx_word' id='word_1_280' title='bbox 877 4133 932 4218; x_wconf 75' lang='grc' dir='ltr'><strong>την</strong></span> <span class='ocrx_word' id='word_1_281' title='bbox 961 4127 1120 4219; x_wconf 77' lang='grc' dir='ltr'><strong>ὑποταγὴν</strong></span> <span class='ocrx_word' id='word_1_282' title='bbox 1140 4135 1197 4197; x_wconf 86' lang='grc' dir='ltr'><strong>καί</strong></span> <span class='ocrx_word' id='word_1_283' title='bbox 1220 4128 1351 4197; x_wconf 76' lang='grc' dir='ltr'><strong>ἐπιστα-</strong></span> 
     </span>
     <span class='ocr_line' id='line_1_30' title="bbox 73 4251 1353 4344; baseline -0.002 -18"><span class='ocrx_word' id='word_1_284' title='bbox 73 4266 149 4326; x_wconf 88' lang='grc' dir='ltr'><strong>σίαν</strong></span> <span class='ocrx_word' id='word_1_285' title='bbox 178 4255 295 4336; x_wconf 81' lang='grc' dir='ltr'><strong>αίιτών,</strong></span> <span class='ocrx_word' id='word_1_286' title='bbox 318 4261 375 4322; x_wconf 86' lang='grc' dir='ltr'><strong>καί</strong></span> <span class='ocrx_word' id='word_1_287' title='bbox 402 4257 447 4331; x_wconf 86' lang='grc' dir='ltr'><strong>είς</strong></span> <span class='ocrx_word' id='word_1_288' title='bbox 472 4259 661 4343; x_wconf 86' lang='grc' dir='ltr'><strong>πράγματα,</strong></span> <span class='ocrx_word' id='word_1_289' title='bbox 689 4251 768 4322; x_wconf 82' lang='grc' dir='ltr'><strong>θποώ</strong></span> <span class='ocrx_word' id='word_1_290' title='bbox 798 4255 927 4344; x_wconf 74' lang='grc' dir='ltr'><strong>ἔχουσιν</strong></span> <span class='ocrx_word' id='word_1_291' title='bbox 954 4255 1017 4332; x_wconf 79' lang='grc' dir='ltr'><strong>έυς</strong></span> <span class='ocrx_word' id='word_1_292' title='bbox 1045 4259 1100 4344; x_wconf 80' lang='grc' dir='ltr'><strong>την</strong></span> <span class='ocrx_word' id='word_1_293' title='bbox 1121 4259 1261 4344; x_wconf 79' lang='grc' dir='ltr'><strong>σήμερον</strong></span> <span class='ocrx_word' id='word_1_294' title='bbox 1292 4259 1353 4324; x_wconf 79' lang='grc' dir='ltr'><strong>καί</strong></span> 
     </span>
     <span class='ocr_line' id='line_1_31' title="bbox 74 4377 1353 4470; baseline -0.001 -23"><span class='ocrx_word' id='word_1_295' title='bbox 74 4383 247 4470; x_wconf 76' lang='grc' dir='ltr'><strong>μέλλουσιν</strong></span> <span class='ocrx_word' id='word_1_296' title='bbox 273 4377 354 4457; x_wconf 79' lang='grc' dir='ltr'><strong>έξειν</strong></span> <span class='ocrx_word' id='word_1_297' title='bbox 381 4377 426 4454; x_wconf 86' lang='grc' dir='ltr'><strong>είς</strong></span> <span class='ocrx_word' id='word_1_298' title='bbox 454 4382 507 4445; x_wconf 79' lang='grc' dir='ltr'><strong>τὸν</strong></span> <span class='ocrx_word' id='word_1_299' title='bbox 537 4379 695 4466; x_wconf 84' lang='grc' dir='ltr'><strong>μέλλοντα</strong></span> <span class='ocrx_word' id='word_1_300' title='bbox 723 4382 849 4466; x_wconf 83' lang='grc' dir='ltr'><strong>χρόνον.</strong></span> <span class='ocrx_word' id='word_1_301' title='bbox 879 4381 914 4444; x_wconf 86' lang='grc' dir='ltr'><strong>τό</strong></span> <span class='ocrx_word' id='word_1_302' title='bbox 940 4383 995 4467; x_wconf 83' lang='grc' dir='ltr'><strong>μέν</strong></span> <span class='ocrx_word' id='word_1_303' title='bbox 1018 4390 1142 4466; x_wconf 87' lang='grc' dir='ltr'><strong>πρώτον</strong></span> <span class='ocrx_word' id='word_1_304' title='bbox 1167 4377 1270 4453; x_wconf 76' lang='grc' dir='ltr'><strong>οὐθείς</strong></span> <span class='ocrx_word' id='word_1_305' title='bbox 1293 4377 1353 4446; x_wconf 77' lang='grc' dir='ltr'><strong>ἀν-</strong></span> 
     </span>
     <span class='ocr_line' id='line_1_32' title="bbox 73 4498 1351 4591; baseline -0.002 -21"><span class='ocrx_word' id='word_1_306' title='bbox 73 4509 206 4591; x_wconf 85' lang='grc' dir='ltr'><strong>θρώπος</strong></span> <span class='ocrx_word' id='word_1_307' title='bbox 229 4514 286 4591; x_wconf 82' lang='grc' dir='ltr'><strong>τῆς</strong></span> <span class='ocrx_word' id='word_1_308' title='bbox 317 4498 488 4575; x_wconf 79' lang='grc' dir='ltr'><strong>αὐθενπίας</strong></span> <span class='ocrx_word' id='word_1_309' title='bbox 516 4523 577 4588; x_wconf 71' lang='grc' dir='ltr'><strong>μου</strong></span> <span class='ocrx_word' id='word_1_310' title='bbox 604 4504 644 4567; x_wconf 91' lang='grc' dir='ltr'><strong>νά</strong></span> <span class='ocrx_word' id='word_1_311' title='bbox 672 4502 771 4588; x_wconf 79' lang='grc' dir='ltr'><strong>μηθέν</strong></span> <span class='ocrx_word' id='word_1_312' title='bbox 799 4503 945 4590; x_wconf 81' lang='grc' dir='ltr'><strong>πολμηση</strong></span> <span class='ocrx_word' id='word_1_313' title='bbox 974 4507 1013 4568; x_wconf 89' lang='grc' dir='ltr'><strong>νά</strong></span> <span class='ocrx_word' id='word_1_314' title='bbox 1035 4506 1155 4590; x_wconf 79' lang='grc' dir='ltr'><strong>ποιηση</strong></span> <span class='ocrx_word' id='word_1_315' title='bbox 1185 4507 1300 4590; x_wconf 77' lang='grc' dir='ltr'><strong>ζημίαν</strong></span> <span class='ocrx_word' id='word_1_316' title='bbox 1327 4499 1351 4590; x_wconf 78' lang='grc' dir='ltr'><strong>ἧ</strong></span> 
     </span>
     <span class='ocr_line' id='line_1_33' title="bbox 72 4622 1346 4714; baseline -0.002 -20"><span class='ocrx_word' id='word_1_317' title='bbox 72 4627 216 4694; x_wconf 76' lang='grc' dir='ltr'><strong>ἐναντίον</strong></span> <span class='ocrx_word' id='word_1_318' title='bbox 246 4625 417 4700; x_wconf 83' lang='grc' dir='ltr'><strong>αόθεντίας</strong></span> <span class='ocrx_word' id='word_1_319' title='bbox 441 4635 495 4714; x_wconf 79' lang='grc' dir='ltr'><strong>τῆς</strong></span> <span class='ocrx_word' id='word_1_320' title='bbox 515 4623 682 4705; x_wconf 80' lang='grc' dir='ltr'><strong>Βενεοίας,</strong></span> <span class='ocrx_word' id='word_1_321' title='bbox 707 4622 779 4690; x_wconf 85' lang='grc' dir='ltr'><strong>οίίτε</strong></span> <span class='ocrx_word' id='word_1_322' title='bbox 807 4626 881 4700; x_wconf 82' lang='grc' dir='ltr'><strong>τούς</strong></span> <span class='ocrx_word' id='word_1_323' title='bbox 909 4625 1096 4712; x_wconf 82' lang='grc' dir='ltr'><strong>ἀνθρώπους</strong></span> <span class='ocrx_word' id='word_1_324' title='bbox 1122 4622 1235 4692; x_wconf 81' lang='grc' dir='ltr'><strong>αώτών·</strong></span> <span class='ocrx_word' id='word_1_325' title='bbox 1259 4627 1287 4692; x_wconf 82' lang='grc' dir='ltr'><strong>εί</strong></span> <span class='ocrx_word' id='word_1_326' title='bbox 1310 4629 1346 4692; x_wconf 83' lang='grc' dir='ltr'><strong>δὲ</strong></span> 
     </span>
     <span class='ocr_line' id='line_1_34' title="bbox 72 4744 1348 4840; baseline -0.004 -21"><span class='ocrx_word' id='word_1_327' title='bbox 72 4755 132 4819; x_wconf 87' lang='grc' dir='ltr'><strong>καί</strong></span> <span class='ocrx_word' id='word_1_328' title='bbox 159 4757 252 4840; x_wconf 87' lang='grc' dir='ltr'><strong>γένη,</strong></span> <span class='ocrx_word' id='word_1_329' title='bbox 280 4756 321 4820; x_wconf 86' lang='grc' dir='ltr'><strong>νά</strong></span> <span class='ocrx_word' id='word_1_330' title='bbox 348 4748 463 4840; x_wconf 76' lang='grc' dir='ltr'><strong>ἀρείλη</strong></span> <span class='ocrx_word' id='word_1_331' title='bbox 490 4745 511 4836; x_wconf 80' lang='grc' dir='ltr'>ἡ</span> <span class='ocrx_word' id='word_1_332' title='bbox 540 4744 694 4816; x_wconf 79' lang='grc' dir='ltr'><strong>αὐθεντία</strong></span> <span class='ocrx_word' id='word_1_333' title='bbox 723 4773 783 4837; x_wconf 88' lang='grc' dir='ltr'><strong>μου</strong></span> <span class='ocrx_word' id='word_1_334' title='bbox 810 4755 849 4817; x_wconf 93' lang='grc' dir='ltr'><strong>νά</strong></span> <span class='ocrx_word' id='word_1_335' title='bbox 876 4751 1014 4840; x_wconf 82' lang='grc' dir='ltr'><strong>παιθεώη</strong></span> <span class='ocrx_word' id='word_1_336' title='bbox 1043 4747 1157 4828; x_wconf 78' lang='grc' dir='ltr'><strong>αὐτοὺς</strong></span> <span class='ocrx_word' id='word_1_337' title='bbox 1184 4755 1269 4818; x_wconf 80' lang='grc' dir='ltr'><strong>κατὰ</strong></span> <span class='ocrx_word' id='word_1_338' title='bbox 1292 4753 1348 4838; x_wconf 77' lang='grc' dir='ltr'><strong>τήν</strong></span> 
     </span>
    </p>
   </div>
   <div class='ocr_carea' id='block_1_7' title="bbox 0 0 1562 5264">
    <p class='ocr_par' dir='ltr' id='par_1_8' title="bbox 0 0 1562 5264">
     <span class='ocr_line' id='line_1_35' title="bbox 0 0 1562 5264; baseline 0 0"><span class='ocrx_word' id='word_1_339' title='bbox 0 0 1562 5264; x_wconf 95' lang='lat' dir='ltr'><strong> </strong></span> 
     </span>
    </p>
   </div>
  </div>
 </body>
</html>
