3148 5268
1250 354 1314 418 1⁴3

60 537 219 622 εὐαγγέλια
243 547 300 609 καί
327 542 371 618 τίς
399 546 452 609 τόν
482 548 584 632 τίμιον
611 548 667 610 καί
691 547 845 620 ίωοποιόν
868 547 1002 632 σταυρόν
1025 549 1080 610 καί
1104 543 1148 618 τίς
1171 547 1227 632 την
1250 551 1311 634 ψο-

58 668 109 753 χήν
130 676 186 733 τοῦ
207 678 307 754 κυροῖ
336 670 453 744 δουκδς
480 675 538 736 καί
561 681 615 738 τοῦ
638 675 827 757 κουμοονίου
851 670 1014 751 Βονετίας,
1043 672 1130 758 ἔχειν
1153 676 1209 736 καί
1230 693 1311 758 κρα-

57 804 108 854 τεῖν
140 793 259 876 βίβαια
293 797 350 858 καί
383 793 500 882 ἰσχυρὰ
534 799 637 860 πάντα
667 799 707 860 τὰ
736 801 949 882 προειρημένα
982 801 1038 862 καί
1072 793 1310 885 ἀμετακινητως

56 915 202 1002 διατηρεῖν
226 921 283 982 καί
309 918 449 1005 πληροῦν
477 923 533 984 καί
556 920 763 1007 φυλαχθῆναι
786 923 842 985 καί
864 921 1074 1008 πληρωίληναι
1100 930 1232 1010 ποιῆσαι
1254 925 1310 987 καί

56 1040 142 1126 μηδὲν
179 1039 318 1108 ἐναντίον
352 1051 485 1129 ποιῆσαι
513 1042 532 1132 ἦ
562 1052 770 1132 συγχωρῆσαι
793 1041 900 1111 ἐλθεῖν
924 1045 957 1112 ἐν
986 1057 1050 1118 τοῖς
1073 1050 1310 1133 προειρημόνοις

55 1163 121 1248 ἢέν
143 1186 205 1230 τινι
227 1176 289 1231 τῶν
312 1171 543 1254 προειρημίνων
565 1165 585 1255 ἢ
610 1165 649 1232 δι’
672 1165 761 1256 ἡμῶν
786 1163 886 1233 αὐτοῖν
910 1165 929 1256 ἢ
954 1165 994 1232 δι’
1018 1166 1118 1234 ἄλλου
1141 1173 1226 1234 τιστιί
1242 1192 1309 1234 τινα

54 1289 263 1370 δικαιολογίαν
283 1290 304 1379 ἢ
327 1294 437 1378 πρᾶξιν
459 1289 480 1379 ἢ
504 1289 626 1376 ἐπινοίη
649 1296 707 1357 τινί
730 1290 750 1380 ἦ
775 1291 860 1377 αἰτία
883 1291 932 1358 ἐπί
956 1287 1107 1380 ὑποθήκη
1130 1297 1187 1360 καί
1210 1293 1309 1381 δνοχη

54 1423 103 1476 τιῖν
125 1409 285 1500 ἡμετέρων
321 1413 471 1495 ἀγαθῶν,
505 1424 561 1502 τῆς
588 1438 621 1480 τε
650 1415 816 1500 βασιλείας
846 1420 903 1480 καί
926 1423 980 1480 κοό
1016 1414 1182 1503 είρημένοω
1212 1426 1308 1504 κυροῖ

54 1539 159 1610 δουκδς
181 1542 238 1602 καί
262 1547 316 1603 τοδ
339 1544 529 1626 κοομουνίοο
551 1537 715 1620 Βενετίας,
740 1549 799 1604 τῶν
823 1561 856 1604 τε
879 1543 1041 1626 παρόντων
1064 1545 1121 1606 καί
1144 1551 1204 1606 τῶν
1228 1543 1307 1628 μελ·

53 1661 175 1738 λόντων,
203 1659 246 1726 ὧν
273 1666 397 1728 πάντων
425 1663 471 1736 είς
499 1668 672 1750 μαρτυρίαν
699 1667 755 1728 καί
778 1667 997 1750 φανερωτέραν
1025 1665 1194 1749 βεβαίωσιν
1216 1662 1307 1752 ἡμεῖς

53 1782 234 1868 δβασιλεδς
257 1791 313 1852 καί
334 1785 355 1875 ἡ
380 1789 528 1872 βασιλεία
549 1785 639 1876 ἡμιῖν
662 1792 718 1861 τὰς
740 1790 903 1874 παρούσας
930 1790 1043 1876 τρίβας
1072 1791 1226 1870 γενέσθαι
1252 1793 1309 1854 καί

53 1919 202 1998 γραφῆναι
223 1915 461 1999 προσετάξαμεν
485 1916 668 1998 γράμμασιν
691 1911 869 2000 ἐλληνικοῖς
891 1917 949 1977 καί
971 1914 1154 1991 λατινικοῖς,
1184 1909 1306 1998 βωμοί-

52 2045 109 2106 κοῖς
138 2038 194 2120 μὲν
221 2033 277 2099 διὰ
303 2037 410 2122 χειρός
433 2045 488 2100 τοῦ
513 2037 681 2120 βασιλικοῦ
704 2040 849 2122 νοταρίου
872 2035 1098 2124 Θεορυλιίκτου
1125 2044 1180 2100 τοῦ
1202 2033 1306 2102 Βασι-

51 2157 143 2236 λικοδ,
166 2159 338 2233 λατινικοῖς
366 2160 402 2224 δὲ
430 2161 484 2224 διὰ
507 2161 615 2246 χειρός
637 2169 693 2226 τοῦ
721 2157 841 2224 οίαιίοο
864 2168 920 2246 τῆς
944 2159 1109 2244 βασιλείας
1132 2154 1221 2246 ἡμων
1244 2180 1304 2225 τιο-

52 2290 99 2364 ροῖ
126 2279 285 2348 Φιλίππου
313 2293 368 2348 τοῦ
395 2281 618 2370 Τίοκανδόλη,
641 2287 697 2348 καί
726 2285 779 2348 διὰ
808 2287 937 2370 μείζονα
961 2281 1139 2373 ἀσφάλειαν
1166 2287 1222 2348 καί
1249 2284 1304 2367 βε«

52 2406 171 2486 βαίωσιν
193 2416 254 2470 των
279 2405 449 2494 είρημίνων
473 2409 588 2494 τρεβιῖιν
619 2403 758 2495 ἡμετόρις
779 2405 846 2492 ἰδίη
872 2411 954 2494 χειρί
983 2407 1131 2493 ἐρυθροῖς
1158 2411 1305 2494 γράμμα·

51 2550 91 2593 σιν
119 2527 355 2618 ἐπεγράψαμεν,
390 2535 446 2596 καί
473 2527 612 2619 ἡμττίρη
641 2531 761 2618 βοόλλη
789 2541 893 2618 χρυσῇ
921 2529 1137 2618 ἀπῃυρημένῃ
1162 2553 1305 2618 κατοχυ·

51 2656 183 2740 ρωδηναι
203 2651 396 2742 ἐποιήσαμεν
412 2659 469 2720 καί
483 2657 729 2741 προσετάξαμεν,
755 2653 793 2728 ἃς
814 2653 857 2740 τῷ
878 2659 1097 2742 προειρημόνιμ
1119 2655 1306 2742 προβισόρη,

51 2778 177 2863 σονδίκιρ
200 2781 257 2843 καί
280 2777 434 2865 ἐπιτρόπῳ
457 2779 657 2866 δεδοίκαμεν,
690 2778 819 2866 ἔχοντες
841 2775 914 2865 παρ’
945 2777 1070 2854 ἐαυτοίς
1101 2776 1214 2866 ὁμοίας
1245 2777 1304 2844 ἄλ-

50 2903 102 2974 λας
122 2903 235 2988 τρίβας
258 2903 314 2988 την
338 2899 435 2989 αδτην
457 2903 623 2990 περίληψιν
650 2903 800 2990 ἐχούσας.
825 2899 950 2968 ἅπαντα
974 2906 1013 2967 τὰ
1037 2900 1304 2989 ἀναγεγραμμένα

52 3025 183 3103 ἐγίνοντο
208 3025 273 3090 ἐστι
290 3024 352 3090 ίιπδ
369 3033 424 3114 τῆς
447 3035 502 3092 τοῦ
525 3031 635 3112 κυρίου
660 3029 836 3113 γεννήσεως
860 3024 1090 3112 χιλιοστῲ
1123 3047 1226 3112 τρια
1237 3047 1258 3092 κ
1270 3049 1316 3106 ος

52 3149 211 3236 οιοστῷ
241 3148 566 3237 ἐννενηκοστῴ
592 3153 677 3215 κατὰ
700 3152 753 3216 τόν
777 3150 893 3236 δρόμον
918 3159 977 3214 τοῖν
1001 3148 1155 3226 Λατίνων,
1181 3146 1243 3214 ἀπό
1268 3149 1303 3213 δὲ

53 3285 100 3362 της
132 3279 311 3350 συστάσεως
345 3279 470 3364 κόσμου
504 3275 911 3362 ἐξακισχιλιοστῷ
947 3272 1307 3360 όκτακοσιοστῲ

53 3395 364 3488 ἐνντνηκοστιρ
391 3399 540 3486 ὀγδόῳ
564 3400 638 3466 ἐπει.
663 3397 815 3486 ἐπράχθη
838 3407 938 3464 ταῦτα
962 3397 994 3463 ἐν
1017 3409 1056 3486 τη
1079 3397 1303 3487 θεορυλόκτιρ,

53 3524 245 3610 δεοδοξτίοτιρ
273 3527 330 3589 καί
355 3525 602 3610 δεομεγαλόντιρ
629 3520 768 3611 ἡμετόριρ
794 3523 885 3588 πόλει
911 3533 950 3611 τῇ
974 3520 1304 3589 Κωνστανπινουπόλει

54 3646 84 3710 ἐν
103 3647 141 3732 τῷ
159 3644 303 3736 ἡμετίριρ
326 3649 552 3737 θεορροορητιρ
575 3645 733 3733 παλατίφ,
758 3643 790 3711 ἐν
814 3644 838 3733 ᾧ
860 3655 913 3712 νδν
936 3646 1085 3734 οἰκοῖμεν
1108 3651 1139 3728 †.
1222 3661 1225 3678 ¹

54 3947 319 4036 ῒἸωσίννης,
359 3946 402 4014 ἐν
447 3946 625 4035 Χριστῷ
662 3946 716 4034 τῷ
752 3945 843 4034 θεῷ
879 3948 1042 4020 πιστός
1077 3947 1303 4029 βασιλεὺς

91 4080 162 4140 καί
196 4070 504 4161 αὐτοκράτωρ
538 4071 785 4160 Ῥωμαίων,
822 4067 1200 4151 δΠαλαιολόηος
1228 4076 1259 4148 †.

128 4271 339 4358 †Ilap6vw›v
363 4271 525 4356 μαρτόρων
548 4278 640 4354 τριῶν
663 4277 723 4334 τόν
746 4269 966 4356 συγκλητικῶν
990 4265 1162 4354 ἀρχόντων,
1188 4275 1242 4332 τοῦ
1267 4289 1301 4332 τε

56 4406 137 4482 κυροῖ
159 4396 318 4484 Γεωργίου
341 4403 396 4460 τοδ
419 4393 620 4482 Ἀμαραντου
654 4396 710 4458 καί
738 4403 836 4479 κυροῖ
860 4391 1026 4479 Θεοδώρου
1049 4399 1104 4457 τοῦ
1128 4389 1302 4479 Κουμοόυη

55 4525 99 4583 καί
118 4531 213 4609 κυροῖ
236 4520 388 4606 Ἀνδρίου
410 4517 580 4605 Κομνηνοδ
604 4513 658 4582 τοῦ
681 4515 873 4583 Καλοθέιου
897 4519 926 4596 †.

128 4643 205 4712 Ἀπὸ
232 4645 269 4710 δὲ
298 4653 359 4710 τῶν
392 4641 568 4708 Βενετίκων
602 4639 762 4729 ἀρχόντων
798 4647 887 4726 κδρις
916 4637 1142 4724 Φραντζίοκος
1172 4638 1303 4727 Καρίνη,

58 4773 133 4852 κδρις
163 4767 327 4856 Ζαχαρίας
355 4763 373 4831 ὁ
401 4765 618 4852 Φουσκαρίνο,
652 4763 891 4838 Κωνστόντίιος
919 4761 936 4829 δ
966 4761 1028 4830 ἀπὸ
1062 4773 1118 4852 τῆς
1152 4761 1303 4851 Κορώνης
