3182 5264
227 403 277 486 λδ.

232 604 287 672 τὰς
311 598 421 664 έειτοιε
447 605 502 666 ιιαί
527 606 622 691 μέχρι
647 611 701 666 τοῦ
724 611 777 666 νόν
800 603 888 686 παρὰ
911 609 971 664 τόν
996 607 1194 680 γενουίτιιιιυν
1218 596 1335 663 πλοίων
1357 598 1414 660 ιιαί
1439 615 1507 660 ιια-

229 727 346 808 τέργων
382 721 613 810 ἐπενεχθείσας
649 719 822 810 ῥωμαίιιοίς
855 723 979 798 πλοίοις
1010 725 1067 788 ιιαί
1094 721 1261 806 παραλίοις
1296 723 1418 811 χώραις
1449 727 1508 802 τῆς

229 845 421 934 Ῥωμανίας,
444 844 616 934 ἀνταπητει
644 849 680 914 δὲ
704 851 760 913 ιιαί
783 851 822 914 τά
845 857 907 912 τῶν
929 851 1112 934 σφαγέντων
1135 842 1298 929 Ῥωμαίων
1326 846 1384 910 ειαί
1408 838 1510 914 αότός

228 975 378 1056 σώματα,
401 968 506 1058 ὥσπερ
522 969 613 1059 ἡμεῖς
636 975 676 1038 τὰ
700 983 760 1046 τῶν
775 971 799 1038 Γ
802 981 957 1048 ενυυίτῶν,
982 967 1039 1042 οιαὶ
1059 965 1150 1042 οὐδέν
1172 967 1270 1034 πλέον
1287 975 1344 1054 της
1359 966 1508 1040 παλαιᾶς

227 1092 317 1183 ἡμῶν
341 1101 523 1184 συμφωνίας
547 1099 702 1176 γενέσθαι
724 1092 797 1183 ἡμίν
820 1099 991 1160 ειατένευσε
1008 1094 1113 1158 διὰτὸ
1129 1096 1185 1158 ιταί
1209 1091 1306 1165 εἴτις
1331 1089 1508 1176 ἀπηνέχθη

227 1216 301 1308 ἡμίν
326 1223 426 1306 ζημία
442 1217 474 1286 ἐν
491 1231 530 1308 τη
553 1218 714 1306 Ῥωμανίφ
735 1219 901 1298 διάγουσιν
925 1215 986 1284 ἀπό
1011 1214 1247 1304 έπεισφρησειυς
1271 1213 1395 1301 ἐχθροῦ
1416 1219 1510 1280 οιαπά

228 1353 284 1431 της
308 1342 486 1441 Ῥωμανίας
509 1343 672 1422 ἐλθόντος,
697 1345 741 1431 μη
765 1341 903 1432 όφείλειν
925 1344 979 1430 τὴν
1003 1338 1180 1428 Ῥωμανίαν
1204 1337 1397 1427 ἀντισηειοδν
1422 1340 1507 1404 σαό-

229 1489 284 1556 την
319 1465 407 1566 ἡμῖν,
443 1464 514 1536 ἀλλ’
542 1465 620 1534 αιίδὲ
649 1472 688 1534 τὰ
711 1478 771 1532 των
804 1467 1029 1553 παρελθόντων
1064 1474 1155 1550 τριῶν
1188 1467 1315 1550 χρόνων
1348 1463 1509 1547 σολέμνια

229 1591 366 1681 δφείλειν
401 1591 606 1680 ἀποδοθῆναι
639 1589 712 1680 ἡμῖν
747 1590 1016 1670 ἀδιασιυλογείται
1038 1589 1092 1654 διά
1115 1589 1150 1652 τό
1179 1589 1262 1674 μηδὲ
1297 1584 1384 1674 ἡμᾶς
1412 1605 1506 1673 τηνι-

229 1726 333 1784 ιιαὺτα
356 1718 411 1802 τὴν
435 1714 644 1804 ὀφειλομένην
667 1716 817 1784 δουλείαν
841 1725 879 1800 τῇ
902 1711 1063 1798 Ῥωμανίφ
1086 1709 1285 1790 ἀποδιδόναι,
1308 1711 1400 1786 τέλος
1416 1709 1508 1778 ἀπο-

230 1845 354 1922 γνόντες
378 1841 511 1908 ὲνάπισν
535 1850 590 1906 τοό
614 1836 816 1926 ὑψηλοτάτου
838 1835 1130 1922 ααίιαὶθριιυτάτοο
1153 1832 1316 1920 Ῥωμαίων
1340 1831 1507 1920 αὐτοκρά-

229 1989 323 2052 τορος
345 1974 445 2052 ιιυροό
473 1965 635 2034 Ἰσααιιίου
662 1972 717 2028 τοῦ
746 1960 904 2042 Ἀγγέλου
926 1969 1039 2046 στηναι
1061 1957 1270 2047 δεησόμεθα,
1296 1955 1342 2049 ἐφ’
1368 1955 1394 2047 ᾧ
1417 1957 1506 2026 ἀπο-

228 2096 409 2178 χαιρετίσαι
432 2095 488 2156 οιαὶ
511 2087 670 2175 ἄπρακτοι
695 2085 845 2154 ἀπελθεῖν
869 2083 915 2158 εἰς
938 2085 994 2171 τὴν
1019 2087 1127 2170 χώραν
1150 2080 1249 2171 ἡμων.
1273 2088 1331 2150 ιιαί
1362 2083 1507 2170 ἔστημεν

229 2213 359 2284 ἀνόσιον
380 2223 437 2300 της
453 2211 548 2294 ἁγίας
570 2207 667 2280 πότου
690 2210 857 2294 βασιλείας
882 2204 959 2274 αότό
975 2215 1067 2276 τοῦτο
1090 2210 1287 2294 ποιήσοντες,
1312 2204 1384 2272 ἀλλ’
1408 2203 1507 2294 ἡεοό

228 2339 385 2424 βασιλέως
401 2339 625 2426 φιλανθρωπία
637 2339 692 2400 ταί
709 2337 745 2400 τό
760 2334 840 2419 πρός
855 2335 975 2408 πάντας
992 2330 1099 2417 ἱλαρόν
1116 2334 1172 2396 ιιαί
1188 2328 1319 2418 εόμενὲς
1336 2343 1375 2419 τη
1393 2329 1444 2397 ἐπὶ
1460 2335 1510 2414 τῷ

228 2459 491 2548 ἀποχαιρετισμιρ
511 2456 601 2548 ἡμῶν
617 2455 758 2545 ἡμετέρα
781 2460 967 2544 στυγνότητι
986 2459 1042 2520 ιιαί
1057 2466 1096 2544 πη
1112 2457 1284 2556 περιπαθεῖ
1298 2457 1509 2545 παραπλησει

227 2588 467 2674 παραααμφθέν
491 2588 547 2658 τὰς
571 2583 693 2656 πολλός
721 2590 775 2648 τιό
799 2581 1020 2664 πανσεβάσιου
1045 2579 1224 2660 λυγοθέεου
1249 2577 1413 2654 ἐνστάσεις
1437 2602 1507 2646 πα-

228 2713 469 2798 ραβλεφάμενον
492 2712 549 2776 ειαί
572 2717 632 2772 των
651 2705 807 2785 ,ἀγίιαλιυν
832 2713 887 2791 της
911 2700 1006 2784 ἁγίας
1028 2700 1125 2772 αότοό
1150 2704 1317 2788 βασιλείας
1342 2705 1385 2791 μὴ
1410 2701 1507 2772 ἀπεό-

228 2838 353 2902 σασθαι
380 2835 442 2920 Ιτην
476 2829 636 2918 ἡμετέραν
670 2833 777 2916 χώραν
813 2824 1007 2926 εόδυιιησειν,
1044 2825 1221 2915 ἀμνηστίαν
1254 2832 1312 2914 μέν
1340 2839 1380 2915 τη
1410 2832 1509 2918 χώρα

226 2957 316 3048 ἡμῶν
340 2961 511 3055 ειατένευσε
535 2955 843 3041 τῶνζημιωμάτων,
879 2949 942 3018 δσοι
968 2952 1091 3042 πλοίοις
1114 2946 1289 3037 ῥωμαίιισῑς
1312 2955 1369 3018 καί
1390 2973 1506 3038 παρα-

227 3084 309 3156 λίοις
333 3085 456 3169 χάραις
479 3089 539 3144 τῶν
562 3077 726 3164 Ῥωμαίων
751 3075 814 3142 ἀπό
837 3085 892 3142 τσό
916 3079 1029 3162 μέρους
1058 3085 1114 3163 τῆς
1141 3075 1280 3150 Γενοόας
1308 3077 1506 3163 συνέβησαν,

229 3205 456 3303 ἀμνημονῆσαι
483 3203 526 3271 δέΙ
545 3206 602 3282 ααί
628 3197 713 3289 ἡμᾶς
743 3197 886 3288 ἀπηεησε
910 3210 969 3268 τόν
993 3196 1045 3266 ἀπ’
1070 3195 1170 3286 αὐτῆς,
1201 3208 1256 3286 της
1286 3197 1332 3274 εἰς
1355 3200 1411 3286 την
1434 3199 1504 3266 Με-

229 3329 403 3412 γαλόπολιν
432 3296 637 3400 είσελεόσεεις
665 3333 720 3390 τοῦ
749 3328 900 3412 τυράννου
928 3322 1051 3392 ἐκείνου
1079 3321 1286 3408 Ἀνδρονίκου
1316 3329 1373 3392 οιαὶ
1405 3329 1507 3412 μέχρι

229 3457 285 3535 ιιαί
309 3463 364 3540 τῆς
389 3449 521 3518 ένόπιυν
544 3458 599 3515 τοῦ
622 3445 736 3516 ἀνθίου
759 3453 893 3550 κράτους
917 3445 1014 3516 αότοό
1037 3451 1269 3534 παραστάσεως
1292 3445 1506 3535 ἡμωνέπελ-

230 3580 357 3640 θοοσείν
380 3569 453 3661 ἡμίν
471 3577 590 3660 ζημιῶν
607 3568 812 3661 ὁπωσδήποτε
823 3577 920 3665 παρά
937 3592 1020 3648 τινος
1044 3583 1104 3638 τόν
1128 3571 1306 3658 ἀνθρώπων
1326 3583 1382 3662 της
1405 3570 1504 3654 ἀγίας

231 3695 327 3764 αδεοό
363 3697 529 3782 βασιλείας
564 3701 620 3762 ταί
655 3695 751 3792 αότφδ
787 3708 841 3766 τοῦ
861 3701 1036 3786 δημοσίου.
1068 3695 1361 3798 Ιέπεφιλοτιμήσοιτο
1393 3700 1430 3764 δέ
1462 3711 1504 3789 τη

229 3820 370 3912 ἡμετέρα
392 3823 485 3908 χάρη
504 3825 590 3901 πατά
613 3824 648 3887 τό
672 3821 807 3910 ἄμετρον
831 3821 921 3898 έλεος
942 3833 999 3911 της
1023 3818 1119 3903 ἁγίας
1142 3801 1240 3888 αδτοό
1265 3824 1431 3906 βασιλείας
1455 3824 1503 3902 εὶς

232 3947 445 4034 ἀντισηιιιεσιν
472 3957 532 4015 τόν
554 3949 679 4016 πολλῶν
707 3953 829 4036 ζημιῶν
852 3945 940 4036 ἡμῶν
966 3946 1116 4014 ἐπέκεινα
1137 3958 1193 4014 τοῦ
1216 3955 1505 4037 προπατεχομένου

229 4067 303 4156 παρ’
331 4065 430 4157 αδεης
458 4071 492 4136 έν
522 4083 561 4159 τη
588 4071 814 4155 Μεγαλοπόλει
847 4070 987 4161 ἐμβόλου
1020 4071 1077 4138 οιαὶ
1104 4082 1160 4159 τῆς
1188 4073 1344 4160 παραλίου
1373 4076 1505 4150 σιιάλοις

231 4199 287 4262 καί
309 4196 365 4282 την
398 4195 637 4284 ηλησιάζουσαν
660 4211 698 4286 τη
721 4203 861 4286 προτέρη
890 4198 1000 4298 σοιάλφ
1025 4193 1114 4285 ἡμῶν
1138 4195 1248 4284 ἑτέραν
1282 4199 1409 4294 σαόλαν
1446 4209 1506 4288 τῆς

232 4321 411 4408 σεβασμίας
447 4330 544 4408 μονῆς
571 4330 626 4403 τογ’)
652 4321 820 4410 Μανουηλ,
856 4320 941 4388 ἀλλά
968 4323 1010 4410 δη
1033 4325 1089 4388 καὶ
1112 4323 1168 4407 τήν
1192 4319 1224 4385 ἐν
1253 4334 1292 4410 τη
1321 4327 1508 4412 τοποθέσιερ

232 4456 291 4510 τῶν
319 4443 488 4530 Καλοβίιυν
517 4445 605 4512 οίιιον
633 4456 688 4514 τσό
715 4447 916 4534 Καλαμάνσυ
942 4445 1015 4535 ἥτοι
1042 4455 1097 4512 τοῦ
1120 4445 1334 4514 Βυτανειάτου
1370 4447 1427 4514 οιαὶ
1463 4456 1508 4516 τὰ

232 4571 325 4647 έιιτός
349 4579 414 4642 τοῦ
449 4574 592 4638 τοιοότου
626 4573 716 4642 οἴειου
749 4577 826 4661 πρὸς
858 4577 894 4640 τό
929 4575 1055 4640 δυτιιιόν
1091 4576 1187 4660 μέρος
1216 4570 1341 4640 ἀνωθεν
1365 4583 1422 4662 τῆς
1447 4587 1508 4642 τοῦ

232 4693 475 4786 Ἀντηφωνητοό
498 4701 679 4787 ιιινσεέρνης
703 4689 848 4766 έναιιιιιιά
871 4701 910 4778 τά
936 4719 969 4760 τε
993 4699 1161 4784 σωζόμενα
1184 4701 1239 4762 ιιαί
1264 4700 1303 4767 τὰ
1327 4700 1509 4786 φθάσαντα

231 4833 437 4926 καταπεσεῖν,
473 4818 632 4890 ὥστεκαὶ
666 4833 766 4892 ταυτα
801 4821 1014 4911 ἀνεγερθῆναι
1045 4819 1118 4911 παρ’
1143 4817 1244 4898 αὐτῶν
1269 4820 1421 4910 ἀβλαβως
1444 4831 1507 4892 καὶ
