3164 5264
259 361 323 426 334

661 554 768 622 XXVI.
789 557 882 638 1493,
901 559 952 621 24.
971 555 1130 623 februarii.

260 681 368 739 Petrus
384 682 419 738 άι
435 680 600 749 Αιιίιιιιιοιι,
617 687 753 754 υιαρίιίιι·
767 685 880 740 ordinis
898 685 1067 758 Hospitalis
1083 687 1114 745 S.
1136 685 1273 748 Ῑοαιικίι,
1294 686 1395 744 ineolis
1410 686 1534 742 Οίιαικυι

453 809 564 863 υικίαιιι
579 809 632 863 dat
647 809 798 866 habitandi
812 812 955 881 ριιαιάαυι
969 813 1097 882 reyfanen
1111 812 1225 870 ίιιοιιίαα
1239 811 1344 870 modi.

352 940 428 1027 Φρὰ
456 941 576 1027 Πίτρος
604 941 646 1008 δά
673 943 876 1028 Ὀριτουυῶν,
900 944 995 1019 θείας
1019 949 1151 1032 χάριτος
1172 956 1228 1034 τῆς
1252 943 1346 1026 ἁγίας
1371 941 1533 1033 ῥωμαίκῆς

262 1061 439 1151 ἐκκλησίας
467 1065 625 1138 διάκωνος
653 1065 881 1151 καρθινάλλιος
910 1065 967 1132 καὶ
990 1067 1126 1147 λεγάιος
1149 1072 1206 1133 καί
1230 1079 1285 1134 τοῦ
1309 1066 1403 1148 ἁγίου
1426 1067 1532 1133 Ἰωάν-

160 1193 168 1202 ”
262 1211 317 1254 νου
342 1200 396 1255 τοῦ
420 1187 633 1277 Ὁστηταλίυυ
661 1201 721 1256 τῶν
748 1188 980 1276 Ἱερουωλὰμων
1010 1196 1111 1278 μέγας
1139 1188 1272 1279 μαΐστορ
1307 1189 1429 1259 Ῥόδου.
1454 1213 1532 1272 γνω-

262 1315 336 1378 στὸν
366 1311 412 1384 είς
435 1316 525 1377 πάσα
551 1311 703 1391 ἕκαστον,
734 1311 783 1378 ὅτι
806 1311 823 1378 ὃ
846 1311 1052 1400 ἠγαπημένος
1074 1311 1164 1402 ημῶν
1197 1319 1260 1404 ρρὰ
1283 1313 1430 1389 Ἀλάῑίος
1453 1314 1531 1380 Σολ-

262 1440 353 1521 τὲρα,
379 1438 604 1522 κουμεντοιίρις
628 1440 672 1510 τίς
689 1441 923 1524 τίπουουρατυν
947 1448 1004 1526 τῆς
1027 1437 1209 1510 Καυεελίας
1231 1441 1289 1504 καί
1313 1436 1458 1524 ἐμπαλὴς
1480 1445 1531 1502 του

261 1566 372 1647 νηυίου
397 1557 459 1625 ἁπό
494 1563 528 1624 τι)
563 1557 717 1647 ἡμέτερον
753 1567 863 1647 μέρος,
899 1559 1067 1627 ἁκούωντα
1094 1565 1129 1626 τὸ
1153 1573 1219 1634 πως
1247 1559 1277 1626 οἱ
1302 1561 1477 1647 Χαρκεῖται
1502 1560 1531 1626 οἰ

261 1689 411 1751 κάτωθεν
427 1681 648 1773 γηγραμμένοι
671 1691 903 1774 παιθομένυην,
929 1691 968 1752 νὰ
991 1692 1211 1774 κατάρχωνται
1235 1687 1281 1761 είς
1304 1689 1339 1752 τά
1357 1689 1456 1774 νηυην
1478 1697 1529 1774 της

262 1807 374 1876 Ῥόδου
397 1811 437 1872 νὰ
460 1811 702 1896 κατοικησουυι,
727 1810 781 1874 διὰ
805 1819 897 1875 τουτο
921 1811 1116 1898 διὰταύτην
1140 1813 1196 1898 την
1221 1808 1375 1877 ἁπάθτυιν
1399 1811 1533 1891 ίγίνετυν

261 1931 279 2000 ὁ
303 1935 404 2019 παρὸν
429 1935 567 2019 αιαυμός
595 1937 652 1997 καί
681 1930 802 2019 λρδινία
826 1935 880 1999 διὰ
903 1945 963 1998 των
987 1931 1273 2022 ὑπογεγραμμένων
1297 1939 1354 2002 καί
1376 1935 1530 2023 ὀνομαζο-

262 2062 363 2144 μίνων
390 2056 579 2144 Χαρκίγτων·
608 2067 730 2143 πρῶτος
756 2055 891 2144 Μιχαὴλ
918 2057 1069 2145 Ποθηιός
1104 2063 1143 2146 μὲ
1172 2061 1228 2147 τήν
1257 2055 1354 2125 αὐτοῦ
1386 2065 1530 2139 γοναίκαν

259 2179 381 2247 ’Ἄνναν
405 2190 459 2246 τοῦ
479 2180 622 2267 Γαβριὴλ
646 2185 685 2266 μὲ
709 2172 765 2244 δύο
793 2179 914 2258 παιδία,
940 2181 1074 2246 θυλικὸν
1098 2187 1155 2247 καί
1180 2181 1357 2269 ἁρυενικάν.
1382 2181 1530 2268 Μανὸλης

262 2314 318 2369 τοῦ
340 2303 460 2370 Κῶυια
483 2303 722 2392 Χαρτυφιίλακα
750 2307 807 2368 καί
829 2301 849 2392 ἡ
874 2309 1010 2384 γυναίκα
1035 2328 1089 2369 του
1112 2305 1277 2372 Ἀντονίνα
1300 2313 1356 2370 τοῦ
1378 2305 1528 2380 Κουίινοΐι

263 2433 303 2514 μὲ
331 2428 445 2493 παιδία
472 2429 544 2504 δύο,
569 2429 704 2492 θυλικὰν
728 2432 784 2493 καί
809 2425 985 2514 ἀρσενικόν.
1005 2427 1142 2504 Κωοτας
1165 2428 1311 2515 Γριγόρις
1336 2434 1374 2515 μὲ
1399 2430 1454 2516 τὴν
1476 2449 1528 2508 γυ-

262 2555 376 2616 ναίκαν
410 2575 465 2617 του
498 2550 620 2620 Ἄνναν
655 2561 710 2618 τοῦ
738 2550 819 2618 Λίου
854 2557 892 2638 μί
920 2555 1034 2620 παιδία
1061 2555 1118 2619 δύο
1153 2556 1284 2622 θυλικά.
1311 2553 1450 2628 Κῶυτας
1477 2561 1527 2618 τοῦ

261 2674 461 2762 Μονυμάχυυ
491 2679 529 2760 μὲ
558 2675 614 2762 τὴν
649 2681 801 2755 γυναίκαν
830 2698 884 2740 του
918 2676 1038 2764 Ἄννην
1067 2687 1123 2764 τῆς
1152 2678 1370 2766 Στρατίγηυας
1398 2683 1437 2765 μὲ
1463 2681 1527 2764 τρία

259 2800 387 2878 παιδία,
410 2799 532 2863 θυλιιιά
556 2799 612 2862 δύο
636 2804 693 2864 καί
715 2803 750 2865 τὸ
775 2799 873 2864 ἄλλον
898 2797 1075 2887 ἀρσενικόν.
1100 2801 1246 2889 Ἰωάννης
1269 2812 1323 2868 τοῦ
1348 2801 1482 2880 Διάκου,
1507 2795 1524 2887 ἡ

256 2929 394 3006 γυναίκα
417 2947 471 2989 του
493 2925 638 3013 Θεοφανή
668 2935 723 2990 τοῦ
751 2923 966 3012 Μονομάχου,
991 2930 1029 3012 μί
1058 2927 1170 2992 παιδία
1199 2927 1256 2991 δύο
1281 2926 1445 3013 ἀρσενικά.
1468 2924 1524 2992 Νι-

256 3047 358 3122 κόλας
386 3045 606 3134 Ἀστρογενὶς,
639 3044 659 3133 ἡ
686 3053 823 3128 γοναίκα
846 3071 901 3113 του
929 3047 1039 3136 Είρίνη
1064 3057 1118 3114 τοῦ
1148 3049 1317 3136 Ποθηιοῦ,
1353 3053 1392 3135 μὲ
1419 3049 1524 3114 παιδία

255 3171 329 3251 δίο,
348 3172 494 3236 ,θυλικόν
523 3175 581 3236 καί
608 3168 789 3256 ἁρυινικίν.
810 3170 960 3258 ’lump
979 3172 1135 3259 Ἰοαήγι,
1160 3168 1182 3258 ίγ
1206 3175 1348 3253 modu
1366 3193 1425 3236 m
1445 3171 1526 3238 Bu-

256 3299 395 3381 ριονὲνα,
416 3299 459 3380 μὲ
476 3294 595 3359 παιδία
614 3299 695 3379 τρία,
720 3299 759 3359 τά
783 3297 839 3360 δύο
862 3297 993 3373 θολικά,
1018 3297 1053 3360 τὰ
1079 3294 1159 3361 ἄλλο
1184 3294 1362 3382 ἁρυενικάν.
1378 3293 1523 3382 Μιχάλης

256 3425 317 3484 τοῦ
330 3415 423 3496 Σειά,
440 3415 459 3505 ἡ
482 3423 618 3498 γυναίκα
639 3441 694 3483 του
709 3417 818 3504 Είρίνη
836 3427 890 3484 τοῦ
906 3417 1076 3505 Γεωργίου,
1102 3423 1141 3506 μὲ
1165 3421 1222 3484 δύο
1238 3420 1350 3486 ιιαιδία
1367 3418 1522 3504 ἁρυενιιιά.

256 3541 465 3628 Χρυοούλλας
486 3552 541 3628 της
556 3541 774 3628 Βουριόνινας,
799 3539 818 3628 ἡ
837 3547 972 3621 γυναίκα
988 3565 1043 3606 του
1059 3543 1204 3608 Δυυκίνα
1221 3551 1276 3606 τοῦ
1293 3541 1473 3628 Τίατίάλη,
1489 3544 1523 3626 μὲ

255 3665 369 3732 παιδία
393 3663 474 3750 τρία,
498 3666 554 3731 δύο
571 3665 694 3731 θυλικὰ
717 3670 774 3732 καί
790 3668 825 3730 τά
846 3664 944 3732 ἄλλον
963 3665 1140 3751 ἀρσενικόν.
1156 3665 1266 3752 Μαρία
1290 3676 1346 3753 τῆς
1360 3665 1523 3751 Βυοριιίνε-

255 3810 313 3864 νας
338 3797 393 3854 τοῦ
409 3788 572 3876 Κρητικοῦ
596 3792 684 3876 χήρα
703 3793 740 3875 μὲ
763 3791 876 3854 παιδία
900 3791 966 3868 δύο,
991 3790 1127 3855 θυλικὰν
1151 3795 1207 3855 καί
1231 3787 1407 3875 ἁρυενικάν.
1430 3787 1450 3877 ἡ
1472 3793 1522 3854 εία

256 3917 422 4001 συμφωνία
456 3913 668 3999 διαλαμβάνει
702 3917 862 3980 κάτωθεν·
890 3924 1012 4000 πρῶτον
1042 3919 1099 4000 μὲν
1126 3918 1166 3979 νὰ
1200 3926 1319 3980 κτιυτεῐ
1345 3917 1461 4001 πύργος
1484 3912 1521 3984 τίς

255 4043 313 4113 τὰς
342 4037 469 4114 ἐξόδους
497 4047 553 4103 τοῦ
581 4037 832 4125 αίδευιμωτάτου
862 4035 1019 4104 αὐθέντου
1046 4041 1274 4125 καρδιναλλίυυ
1305 4045 1361 4105 καί
1386 4041 1520 4127 μεγάλου

257 4158 441 4248 μαΐυτυρος·
465 4165 522 4226 καί
545 4159 584 4250 ἢν
611 4165 667 4248 μὲν
692 4160 842 4248 ὁτὺργος
866 4171 922 4250 τῆς
943 4161 1037 4244 ἁγίας
1059 4163 1200 4250 Μάρθας
1225 4160 1319 4236 αιἰτός
1343 4163 1414 4250 ἔχει
1436 4166 1520 4250 χρεία

256 4285 312 4349 διὰ
352 4283 540 4372 ἁνακτίσην,
581 4283 611 4349 οί
655 4285 824 4370 λεγόμενοι
858 4291 987 4350 κάτικοι
1026 4285 1195 4372 Χαρκῆται
1230 4290 1345 4359 πάντες
1379 4291 1420 4351 νὰ
1461 4285 1519 4350 ἕνεν

257 4409 465 4494 κρατούμενοι
488 4412 528 4472 νά
552 4409 782 4494 βοηθηυουυην
807 4409 861 4494 την
887 4405 1075 4495 ἀνάκτησιν,
1105 4411 1219 4482 καθὼς
1242 4415 1383 4496 ποιωοην
1408 4408 1437 4473 οί
1460 4405 1518 4471 ἐτί-

256 4531 361 4595 λοιιιοι
389 4539 443 4595 τοῦ
471 4535 581 4618 νηυίοο
605 4540 658 4604 τϋς
686 4527 806 4596 Ῥόδου.
835 4535 890 4596 καί
917 4533 1012 4595 πάλιν
1041 4531 1070 4596 οἱ
1098 4536 1186 4596 τάττοι
1215 4541 1271 4618 της
1294 4533 1464 4596 θαλάουου
1484 4531 1518 4594 νά

258 4653 327 4718 ἔνεν
347 4653 637 4740 καλαβλετοιμένοι
653 4651 704 4718 ἀπ’
722 4650 854 4738 α[ίιτῶν]
872 4659 927 4720 καί
951 4655 1005 4720 διὰ
1022 4657 1077 4741 την
1102 4657 1253 4743 βλέπηυιν
1271 4651 1369 4743 αὐτὴν
1386 4667 1440 4744 της
1454 4657 1519 4719 -θα-

253 4775 382 4839 λάυσου
406 4773 474 4838 ίνεν
498 4773 678 4860 σιαυρένοι,
708 4779 762 4843 καί
787 4775 936 4862 ἔρχονται
960 4777 990 4844 οἱ
1011 4777 1186 4864 Χαρκεῐται
1210 4777 1240 4843 υί
1258 4780 1432 4870 λεγόμενοι
1460 4778 1517 4843 Θυ-
