3132 5268
256 334 319 402 m

253 528 323 592 λύει
344 529 450 600 πάσας
479 550 512 592 τε
542 531 598 592 καί
629 525 770 602 ἑκάστας
793 533 850 602 τάς
873 527 975 602 ἄλλας
1002 527 1144 608 ἀδικίας,
1180 531 1358 617 βαρύτητας
1380 533 1438 594 καί
1461 532 1511 615 ζη·

255 656 330 738 μίας
353 654 410 724 τάς
438 648 667 738 ἐπενεχθείσας
694 649 768 738 παρ’
797 649 886 740 ἡμῶν
909 657 966 718 καί
989 661 1044 739 τῆς
1069 655 1236 738 βασιλείας
1263 651 1353 740 ἡμῶν
1380 657 1437 718 καί
1463 663 1512 716 τιῖν

254 778 339 842 λαῶν
363 781 419 841 καί
447 772 706 864 ὑποτεταγμένων
734 775 807 864 ἡμῖν
831 789 895 851 τοῖς
918 777 1097 854 Βενετίκοις
1120 784 1176 844 καί
1201 791 1321 853 πιστοῖς
1344 787 1400 844 τοῦ
1423 785 1513 863 κυροὺ

254 901 370 974 δουνιός
397 905 454 965 καί
482 910 536 966 τού
559 906 750 988 κουμοονίυυ
776 901 926 974 Βενετίας
947 899 1009 976 ἕως
1032 912 1088 989 τῆς
1111 907 1250 990 σήμερον
1273 900 1405 990 ἡμέρας,
1431 902 1513 968 έλευ-

253 1027 357 1110 θεριῖν
380 1030 436 1089 καί
460 1023 606 1090 ἀπολύων
629 1029 686 1090 καί
709 1024 898 1111 ἐλευθέρους
929 1023 991 1091 καῖ’
1008 1024 1262 1114 ἀπολελυμένους
1286 1027 1331 1102 εἰς
1355 1031 1390 1092 τό
1414 1028 1512 1114 διηνε-

254 1152 309 1220 κὲς
333 1146 413 1213 εἶναι
435 1149 540 1212 θέλων
563 1143 729 1234 ἡμᾶςκαὶ
752 1151 806 1236 την
831 1151 996 1232 βασιλείαν
1019 1147 1108 1238 ἡμῶν
1136 1155 1193 1216 καί
1215 1152 1287 1225 τυὺς
1311 1151 1411 1224 λαοὺς
1434 1147 1513 1238 ἡμῶν
1551 1209 1552 1214 ,

254 1279 309 1340 καί
333 1275 405 1349 τοὺς
428 1275 648 1361 κληρονόμους
671 1280 728 1340 καί
758 1277 931 1362 διαδόχους
961 1273 1050 1363 ἡμῶν
1075 1275 1137 1342 ἀπό
1161 1287 1221 1341 τῶν
1253 1276 1425 1362 εἰρημένων
1453 1275 1514 1341 ἀδι-

253 1409 346 1476 κιιῖν,
379 1401 498 1484 ζημιῶν
530 1421 563 1463 τε
586 1403 642 1463 καί
671 1403 928 1485 προσκομμάτων
960 1409 1020 1464 τιῖν
1049 1397 1284 1487 ἐπενεχθέντων
1308 1405 1364 1464 καί
1388 1404 1513 1484 γενομέ-

253 1542 313 1588 νων
342 1525 429 1606 παρά
456 1532 516 1586 τοῖν
543 1529 816 1610 προηγησαμένων
843 1520 928 1610 ἡμᾶς
951 1528 1008 1588 καί
1031 1533 1091 1588 τοῖν
1116 1525 1207 1634 λαιῖη
1225 1535 1284 1590 τῶν
1309 1513 1516 1609 ὑποτεταγμέ-
1551 1599 1552 1604 γ

254 1665 313 1708 νων
340 1641 412 1733 ἡμῖν
440 1649 496 1709 καί
524 1655 578 1731 τῆς
614 1648 779 1730 βασιλείας
813 1643 902 1734 ἡμῶν
935 1651 990 1712 καί
1023 1645 1110 1721 ἰδίως
1140 1653 1210 1733 περί
1239 1647 1366 1713 ἐκείνων
1395 1659 1454 1712 τῶν
1480 1647 1517 1732 τιρ

253 1770 338 1855 κυρῷ
360 1770 451 1834 δουιιί
473 1773 529 1834 καί
552 1769 594 1854 τῷ
617 1775 795 1856 κυυμουνίιρ
823 1769 972 1844 Βενετίας
1000 1776 1056 1836 καί
1084 1784 1148 1845 τοῖς
1174 1773 1317 1846 πολίταις
1339 1771 1515 1842 Βενετίκοις

255 1891 490 1980 ἐπενεχθέντων
525 1897 580 1958 καί
615 1897 789 1979 γενομένων
825 1893 857 1959 έν
885 1893 928 1980 τῷ
955 1894 1058 1981 καιρῷ
1091 1905 1146 1960 τοῦ
1181 1905 1237 1982 της
1271 1900 1435 1982 μακαρίας
1467 1898 1516 1958 καὶ
1551 1865 1552 1868 ¹

253 2015 430 2104 ὑσιωτάτης
454 2020 581 2104 μνήμης
603 2028 700 2104 κυρού
724 2017 943 2104 Ἀνδρονίκου,
969 2020 1003 2083 έν
1025 2018 1153 2106 Χριστῷ
1175 2019 1217 2106 τῷ
1239 2019 1309 2105 θεῷ
1329 2027 1443 2084 πιστοῦ
1467 2020 1517 2102 βα-

254 2143 366 2214 σιλέως
392 2144 448 2206 καί
471 2138 705 2228 αὐτοκράτορος
728 2139 900 2228 Ῥωμαίων,
925 2153 980 2208 τού
1003 2143 1244 2223 Παλαιολόγου,
1269 2153 1323 2208 τοῦ
1351 2145 1446 2208 θείου
1469 2151 1518 2228 τῆς

255 2265 420 2350 βασιλείας
441 2287 515 2351 μου,
540 2273 705 2338 ποιοῦντος
731 2261 804 2352 ἡμῖν
827 2271 883 2330 καί
910 2277 948 2353 τη
971 2263 1111 2354 ἡμετέρα
1140 2268 1287 2351 βασιλεία
1313 2275 1369 2331 τοῦ
1395 2265 1518 2352 εἰρημέ-

253 2411 309 2456 νου
345 2388 600 2476 ἀποκρισιαρίου,
636 2389 784 2456 συνδίκου
813 2397 870 2455 καί
899 2389 1063 2476 ἐπιτρόπου
1091 2389 1224 2478 ὀνόματι
1250 2395 1306 2456 καί
1328 2391 1446 2476 δικαίιρ
1469 2397 1517 2453 τοὺ

255 2513 419 2602 εἰρημένου
443 2524 540 2602 κυροῖ)
564 2516 681 2588 δουκὺς
703 2519 760 2580 καί
783 2523 838 2580 τοῦ
861 2520 1052 2602 κουμοονίυυ
1077 2516 1227 2589 Βενετίας
1255 2513 1446 2601 δεχομένοις
1467 2511 1519 2578 καὶ

233 2638 453 2724 ,λαμβάνουσι
480 2639 586 2717 τέλος,
621 2637 823 2724 ἐλευθερίαν,
859 2635 1030 2726 ὑπόσχεσιν
1057 2639 1114 2704 καὶ
1138 2644 1335 2729 συμφωνίαν,
1371 2636 1454 2704 ὑστε
1479 2637 1518 2708 εἰς

253 2766 288 2828 τό
313 2761 383 2850 έίῆς
408 2766 450 2850 μη
475 2763 615 2830 ἀπαιτεῖν
638 2762 881 2852 ἤμνημονεὺειν
904 2769 975 2849 περί
999 2773 1058 2828 τῶν
1081 2768 1313 2850 προειρημένων
1336 2765 1415 2848 πρός
1439 2759 1518 2849 ἡμᾶς

253 2893 309 2954 καί
334 2891 389 2976 τὴν
420 2891 585 2973 βασιλείαν
608 2886 713 2977 ἡμῶν,
748 2891 821 2963 τούς
845 2912 878 2954 τε
901 2889 1120 2975 κληρονόμους
1151 2893 1207 2954 καί
1236 2889 1410 2974 διαδόχους
1433 2885 1517 2974 ἡμῶν

252 3018 309 3079 καί
343 3011 460 3100 ὁμοίως
494 3011 585 3102 ἡμεῖς
608 3011 625 3078 ό
650 3014 800 3099 βασιλεὺς
835 3018 890 3078 καί
917 3010 938 3101 ἡ
963 3015 1110 3098 βασιλεία
1144 3011 1232 3100 ἡμῶν
1267 3011 1306 3077 δι’
1341 3009 1431 3100 ἡμῶν
1466 3014 1517 3074 καί

253 3147 312 3205 τοῖν
335 3137 541 3225 κληρονόμων
565 3143 621 3203 καί
644 3139 804 3224 διαδόχων
827 3134 917 3225 ἡμῶν
941 3135 1073 3224 ἀφίεμεν
1097 3138 1150 3202 διὰ
1173 3148 1230 3224 τῆς
1252 3139 1419 3224 παρούσης
1444 3159 1517 3220 συμ-

253 3263 370 3352 φωνίας
403 3267 458 3328 καί
496 3265 622 3349 τρέβας,
664 3262 842 3350 ἀποροῦμεν
881 3265 937 3328 καί
977 3261 1192 3349 ἀνατρέπομεν
1230 3267 1286 3328 καὶ
1319 3263 1516 3348 καταλύυμεν

251 3393 360 3462 πάσας,
381 3411 414 3454 τε
437 3393 494 3454 καί
516 3386 655 3462 ἑκάστας
679 3392 735 3462 τάς
760 3387 861 3461 ἄλλας
890 3387 1016 3460 ἀδικίας
1040 3393 1095 3452 καί
1119 3390 1299 3474 βαρύτητας
1322 3393 1380 3452 καὶ
1405 3391 1516 3474 ζημίας

253 3517 311 3587 τάς
339 3509 546 3600 ὑπωσδηποτε
575 3510 805 3598 ἐπενεχθείσας
832 3507 905 3598 ἡμῖν
933 3516 989 3575 καί
1016 3523 1054 3598 τη
1085 3513 1232 3595 βασιλεία
1259 3507 1348 3598 ἡμῶν
1377 3517 1433 3575 καί
1457 3523 1516 3580 τοῖς

252 3633 529 3724 προηγησαμένοις
563 3633 648 3724 ἡμᾶς
680 3637 733 3700 διά
761 3645 816 3701 τού
843 3640 1072 3722 προειρημένου
1106 3643 1203 3720 κυροὺ
1238 3635 1354 3708 δουκός
1382 3639 1439 3700 καί
1467 3641 1517 3698 του

253 3765 443 3847 κουμοονίυυ
476 3759 639 3838 Βενετίας,
675 3771 735 3824 τῶν
764 3781 796 3823 τε
824 3761 1011 3823 καπετάνων
1047 3769 1106 3824 τῶν
1134 3757 1325 3836 Βενετίκων,
1362 3759 1424 3824 εἴτε
1447 3754 1516 3841 παρΙ

253 3883 459 3981 οἱωνδήτινων
495 3883 599 3950 ἄλλων
635 3881 854 3972 ύφφικιαλίων,
889 3893 1085 3969 προνοητιῖιν,
1120 3877 1277 3968 ῥεκτόρων
1308 3886 1365 3946 καί
1397 3887 1516 3948 πάντων

254 4009 358 4076 ἄλλων
387 4007 593 4096 υἱυνδήτινων
624 4005 883 4092 ὑποτεταγμένων
911 4008 954 4092 τῷ
975 4005 1059 4091 κυριρ
1086 4007 1177 4070 δουκί
1199 4010 1255 4072 καί
1278 4007 1320 4092 tq}
1341 4010 1517 4094 κουμοονίιρ

253 4131 415 4212 Βενετίας,
452 4131 509 4198 καὶ
536 4133 575 4218 δή
605 4129 667 4196 ἀπὸ
696 4139 755 4195 τῶν
778 4134 1011 4217 προειρημένων
1045 4133 1168 4194 πάντων
1195 4134 1251 4195 καί
1282 4128 1426 4195 ἑκάστων
1461 4140 1517 4194 τῶν

253 4259 438 4344 συμβάντων
465 4259 522 4322 καί
549 4260 724 4340 γενομένων
753 4252 810 4318 καὶ
838 4252 1074 4339 ἐπενεχθέντων
1099 4252 1241 4318 ἔστωσαν
1268 4255 1417 4320 καθόλου
1442 4253 1519 4320 ἀπο-

253 4381 420 4468 λελυμένοι
442 4385 498 4446 καί
523 4379 788 4465 ἀναπεπαυμένοι,
813 4375 1028 4449 ἀναπαύοντες
1043 4381 1099 4441 καί
1122 4375 1313 4452 ἀπολύοντες
1336 4384 1393 4444 καί
1418 4378 1463 4453 εἰς
1486 4379 1518 4441 τό

253 4505 397 4592 διηνεκές
432 4501 674 4591 ἐλευθεροῦντες
707 4505 760 4567 τόν
789 4500 953 4589 εἰρημένον
982 4510 1040 4588 κῖρ
1075 4501 1194 4568 δοὺκαν
1223 4506 1279 4568 καί
1314 4505 1349 4567 τὸ
1378 4505 1519 4589 κουμού-

253 4649 317 4694 νιον
345 4627 507 4708 Βενετίας,
541 4629 613 4702 τοὺς
648 4627 746 4699 λαούς
781 4621 883 4690 αὑτῶν
918 4629 974 4690 καί
1002 4625 1074 4698 τούς
1107 4621 1378 4712 ὑποτεταγμένους
1414 4623 1520 4698 αὐτοῖς

254 4751 316 4824 ἀπό
349 4765 459 4823 πασῶν
487 4765 545 4820 τῶν
580 4755 797 4844 προειρημέων
828 4750 959 4818 ἀδικιῶν
987 4755 1043 4817 καί
1076 4759 1136 4818 τῶν
1172 4750 1276 4818 ἄλλων
1312 4751 1519 4844 ὁπωσδήποτε
