3132 5268
1268 383 1328 449 181

76 579 154 660 μεθα
185 579 242 642 καί
278 575 564 662 ἀπολειπαζόμεθα
597 578 710 643 δουναι
743 576 800 642 ειαί
834 573 1022 665 ἀποφλησαι
1054 577 1098 662 τῷ
1123 575 1209 662 πυρῷ
1240 575 1332 642 δουειί

74 706 123 764 ταί
143 701 182 786 τῷ
209 705 389 788 πουμουνίιρ
412 700 561 776 Βενετίας
585 697 661 788 ὑπέρ
689 699 940 789 ίιιανοποιήσεως
964 711 1024 766 τῶν
1045 701 1190 767 παλαιῶν
1215 705 1333 788 ζημιῶν

74 823 224 912 ιἰπέρπυρα
253 825 405 913 χιλιάδας
440 826 601 890 δεκαεπτὰ
635 831 691 890 ειαί
720 825 835 891 ἑκατόν
864 823 1019 912 έζίμιοντα
1042 828 1127 910 τρία,
1163 819 1334 911 ἀπισχνοό·

75 951 152 1032 μεθα
175 949 218 1035 τῷ
249 949 403 1037 εἰρημένῳ
432 947 678 1036 ἀποαρισιαρίιρ,
714 951 850 1036 συνδίειιρ
874 953 931 1014 παὶ
954 947 1109 1034 έπιτρόπερ
1140 947 1272 1035 ὀνόματι
1294 947 1337 1036 τῷ

74 1078 278 1160 προειρημένῳ
306 1074 416 1138 δοῦναι
448 1079 504 1138 καί
535 1071 721 1162 ἀποφλήσαι
750 1077 945 1140 τὰτοιαῦτα
973 1069 1131 1160 θπέρττυρα
1159 1073 1214 1140 διὰ
1243 1078 1335 1141 πέντε

75 1197 142 1262 ἐτῶν
165 1209 224 1264 τῶν
249 1197 360 1288 έφεζης
382 1199 611 1285 ἐλευσομένων,
643 1197 825 1288 ἀρχομένης
848 1210 903 1286 τῆς
930 1202 1058 1286 διιυρίας
1081 1209 1140 1266 τῶν
1164 1199 1334 1288 εἰρημένων

74 1327 186 1407 χρόνων
215 1321 278 1388 ἀπό
307 1332 363 1409 τῆς
396 1321 519 1411 ἡμέρας
548 1334 603 1412 τῆς
628 1327 830 1410 βεβαιώσεως
864 1333 919 1390 τοό
947 1329 1100 1412 παρόντος
1128 1327 1333 1412 συμβολαίου,

73 1449 210 1534 δηλονότι
236 1445 342 1536 ἡμέρη
369 1449 499 1536 εἰποστη
526 1447 606 1536 θαι-ρ
635 1459 691 1514 τοῦ
720 1448 830 1536 μαΐοο,
866 1451 1061 1536 διαιροῦντες
1085 1455 1142 1525 τὰς
1165 1451 1333 1540 εἰρημένας

73 1573 223 1638 δεκαεπτὰ
258 1573 409 1659 χιλιάδας
442 1577 482 1636 τά
516 1568 676 1658 όπέρπυρα
710 1573 767 1638 καί
804 1573 920 1638 ἑκατόν
954 1573 1109 1660 έξηποντα
1144 1579 1215 1662 τρία
1249 1579 1333 1640 πατά

73 1701 201 1780 πέμπτον
224 1701 281 1762 ιιαί
305 1696 512 1770 ἀποδιδόντες
540 1701 575 1761 τό
599 1696 771 1780 ἐπιβάλλον
800 1701 910 1784 μέρος,
946 1697 1094 1786 δηλονότι
1122 1701 1158 1764 τό
1180 1703 1330 1784 πέμπτον,

73 1817 139 1906 ὅπερ
164 1821 247 1888 ἐστίν
270 1819 429 1910 ὁπέρπυρα
453 1823 613 1910 τρισχίλια
642 1827 835 1908 τετρακόσια
863 1823 1108 1909 τριαιιονταδόο,
1132 1827 1253 1888 τιοτπία
1280 1823 1331 1888 δε-

73 1951 248 2032 κατέσσαρα
282 1943 379 2032 ἥμισυ
407 1945 428 2034 ἢ
458 1947 590 2027 ἔγγιστα
623 1953 680 2012 καί
715 1943 796 2012 οἱίτω
831 1950 915 2012 πατὰ
950 1947 1120 2032 διαδοχὴν,
1153 1951 1265 2033 μέχρις
1294 1943 1332 2011 ἂν

73 2070 219 2158 πληρωθη
242 2067 262 2158 ἡ
289 2069 468 2158 ἀπόφλησις
496 2081 556 2136 τῶν
585 2071 757 2158 εἰρημένων
785 2071 947 2136 δεκαεπτὰ
975 2070 1129 2156 χιλιάδων
1152 2067 1330 2157 όπερπόρων

72 2200 117 2258 οιαὶ
144 2194 257 2260 ἑιιατόν
287 2193 441 2282 ἑζίμιοντα
475 2205 582 2282 τριῶν,
618 2200 674 2260 καί
708 2195 983 2282 ίοιανοποιήσωμεν
1013 2193 1172 2281 ἀκεραίως
1203 2191 1236 2260 έν
1263 2205 1330 2268 ταῖς

72 2317 242 2405 εἰρημέναις
277 2321 417 2406 διωρίαις
446 2329 505 2385 τῶν
535 2324 772 2407 προειρημένων
806 2323 897 2384 πέντε
933 2316 1019 2396 έτῶν,
1055 2323 1263 2392 συνάπτοντες
1299 2316 1331 2393 ἐξ

72 2441 202 2508 ἐνιαυτοῦ
227 2443 272 2517 εἰς
296 2445 440 2510 ένιαυτόν
463 2443 738 2530 πατάδιαδοχην,
763 2444 912 2530 δηλονότι
936 2441 998 2509 ἀπό
1021 2451 1077 2507 τοό
1102 2439 1197 2528 μάΐοο
1221 2443 1330 2529 μηνός,

70 2564 105 2640 ῶς
128 2573 324 2656 προείρηται,
355 2569 376 2634 ά
404 2570 443 2655 δὴ
471 2571 574 2634 πάντα
609 2563 767 2654 θπέρπορα
791 2569 936 2654 δῶσομεν
959 2571 1016 2633 παί
1045 2564 1273 2656 ἀποφλησομεν
1297 2565 1330 2634 έν

69 2706 123 2766 τοῖς
147 2693 325 2780 εἰρημένοις
352 2705 475 2779 καιροῖς
503 2697 559 2758 καί
587 2693 727 2778 διωρίαις
754 2699 860 2780 πάσης
885 2697 1075 2782 προφάσεως
1099 2691 1328 2782 ἀναιρουμένης

70 2817 96 2882 ἐν
118 2819 208 2906 χερσί
236 2827 292 2884 τοῦ
321 2821 497 2906 μπαῐοόλοο
525 2830 586 2886 τῶν
608 2817 784 2886 Βενετίτιων
812 2823 977 2886 τουκατά
1004 2821 1116 2906 καιρόν
1141 2817 1329 2906 εὑρισιιομέ-

68 2963 114 3006 νου
146 2941 178 3006 ἐν
214 2941 561 3021 Κωνσταντινουπόλει,
597 2941 617 3030 ἢ
647 2941 730 3030 ᾧτινι
757 2941 778 3030 ἢ
807 2941 938 3008 οἷστισιν
967 2939 984 3006 ό
1011 2951 1070 3029 πόρ
1101 2943 1176 3018 δοδξ
1210 2947 1265 3008 καί
1292 2945 1328 3008 τό

67 3069 247 3152 ποομοόνιον
269 3067 418 3140 Βενιτίας
442 3069 636 3144 ὰποτάεωσι,
663 3063 850 3152 σωζομένων
874 3067 984 3132 διόλου
1006 3071 1062 3131 ιιαί
1086 3069 1328 3155 φυλαττομένων

68 3202 164 3257 πασῶν
192 3196 250 3257 οιαὶ
278 3190 422 3258 έειάστων
452 3197 571 3280 ζημιῶν
600 3203 659 3258 τῶν
687 3191 862 3258 Βενετίοιων
891 3201 950 3256 τῶν
976 3193 1018 3279 μη
1042 3197 1253 3278 τεταγμένων,
1278 3191 1327 3266 αίς

68 3313 110 3379 διό
132 3325 187 3402 τῆς
211 3317 375 3402 παρούσης
400 3318 514 3401 τρέβας
538 3318 580 3403 μη
605 3315 688 3381 έστω
712 3315 898 3394 ἐλάττωσις,
923 3295 988 3382 ναί
1002 3314 1159 3382 ἀνάπαλιν
1181 3319 1237 3382 τιαί
1261 3338 1326 3381 σω-

69 3443 194 3523 ζομένων
229 3439 379 3526 δηλονότι
412 3444 468 3504 ναί
502 3441 743 3529 φυλαττομένων
780 3439 937 3526 ἀκεραίως
968 3443 1024 3506 τιαί
1050 3443 1093 3528 τῷ
1122 3439 1207 3528 τυρῷ
1235 3441 1326 3506 δουπί

67 3568 113 3627 ταί
134 3567 177 3651 τῷ
198 3567 378 3650 ποομοονίιρ
411 3563 561 3638 Βενετίας
588 3567 712 3630 πάντων
740 3575 800 3630 τῶν
827 3565 958 3630 δικαίων
981 3569 1038 3632 οιαὶ
1062 3563 1210 3645 ἀγωγῶν,
1240 3565 1323 3652 άδη

67 3691 113 3750 ταί
145 3689 183 3761 άς
207 3683 225 3751 ό
252 3697 312 3773 τόρ
347 3689 421 3764 δοόζ
454 3692 510 3754 ιιαί
537 3691 572 3754 τό
600 3690 789 3774 τιοομοόνιον
822 3687 974 3762 Βενετίας
1010 3688 1123 3776 έχουσι
1152 3693 1208 3755 ταί
1235 3688 1323 3777 έχιιν

68 3810 244 3898 δυνήσονται
277 3809 355 3878 καθ’
383 3809 472 3900 ἡμῶν
506 3817 562 3876 καί
590 3821 646 3899 τῆς
675 3813 840 3896 βασιλείας
874 3809 963 3900 ημῶν
991 3811 1024 3878 έν
1052 3835 1111 3880 τινι
1138 3815 1322 3900 σομβολαίῳ

67 3933 217 4003 δουιιάτων
246 3947 373 4023 χρυσῶν
402 3939 571 4023 τριάκοντα
598 3936 753 4023 χιλιάδων
781 3941 852 4023 περί
879 3959 911 4001 τε
940 3938 1119 4024 οιεφαλαίου
1145 3941 1202 4002 τιαί
1225 3940 1321 4000 τόπου

69 4057 115 4122 παὶ
137 4065 254 4149 ζημιῶν
289 4065 345 4125 παί
376 4061 488 4136 έζόδου
518 4065 574 4126 ιιαί
598 4072 658 4126 τῶν
681 4062 735 4126 διὰ
759 4065 858 4147 μέσου
886 4065 942 4127 καί
974 4065 1098 4128 πάντων
1133 4071 1193 4127 τῶν
1216 4059 1321 4128 ἀλλων

71 4193 117 4246 τῶν
148 4189 268 4260 τοότοις
305 4183 557 4273 ἀπηωρημένων,
594 4183 637 4260 ὣς
673 4183 706 4252 έν
734 4187 777 4272 τῷ
804 4186 988 4273 σομβολαίιμ
1023 4195 1078 4252 τοό
1112 4189 1227 4272 χρέους
1260 4207 1319 4251 πε-

73 4311 206 4394 ριέχεται,
242 4309 324 4398 δδη
349 4310 544 4396 συμβόλαιον
574 4313 631 4376 τιαί
665 4315 760 4396 χρέος
796 4311 839 4397 μη
870 4313 1018 4388 νοείσθω,
1055 4310 1148 4397 μηδέ
1171 4313 1321 4376 νοεῖσθαι

73 4427 178 4500 δόναιτο
211 4437 266 4500 διὰ
300 4436 356 4522 τὴν
386 4444 550 4520 παροόσαν
586 4435 698 4520 τρέβαν
736 4433 756 4522 ἢ
789 4439 970 4524 συμφωνίαν
1005 4431 1149 4502 δπωσοόν
1184 4433 1318 4523 ἀφειμέ-

74 4573 126 4632 νον,
165 4557 281 4646 ἀτορον
319 4556 340 4646 ἢ
379 4557 669 4646 ἀνατετραμμένον,
718 4557 840 4644 μάλλον
879 4563 936 4644 μέν
979 4555 1033 4623 οὖν
1071 4556 1104 4625 έν
1143 4571 1181 4647 τη
1221 4555 1318 4625 αθτοό

76 4685 248 4749 καταστάσει
276 4685 334 4748 τισί
363 4683 544 4770 βεβαιότητι
577 4681 635 4747 καί
668 4679 710 4766 τῷ
738 4682 866 4768 δικαίῳ,
894 4680 927 4746 έν
956 4679 1002 4756 οίς
1028 4679 1068 4770 ἠν
1094 4687 1151 4748 ναί
1176 4685 1235 4770 πρό
1262 4689 1318 4748 τοό

76 4807 205 4876 ἰῑνίοθαι
230 4811 286 4896 τὴν
309 4815 473 4895 παροῦσαν
496 4809 619 4894 τρέβαν,
645 4808 773 4892 βέβαιον
800 4810 857 4874 ναί
883 4804 1034 4895 ἀκέραιον
1061 4809 1234 4896 διαμενέτω
1260 4811 1317 4874 καί
