3182 5264
214 360 237 428 6

217 574 277 620 τῶν
311 553 522 640 όπιτριβείσας
559 561 674 644 ζημίας
709 571 773 631 τοῖς
796 557 978 636 Πισσαίοις,
1015 558 1122 635 ὲξότου
1150 559 1167 624 ό
1202 562 1363 647 δηλωθείς
1398 569 1496 646 κόρις

217 677 420 765 Ἀνδρόνικος
443 691 482 766 τῇ
510 691 570 744 τῶν
593 679 757 767 Ῥωμαίων
793 683 941 766 βασιλεία
975 682 1182 770 ἐπεισέφρησε
1218 688 1273 747 καί
1308 689 1404 770 μέχρι
1436 689 1498 747 καί

219 811 282 880 νόν,
307 800 392 866 ἀλλὰ
415 805 472 866 καί
506 806 546 867 τὰ
577 805 619 890 μή
648 807 821 892 φθάσαντα
856 806 994 894 δοθῆναι
1029 817 1067 893 τῇ
1102 804 1262 894 ἐκκλησία
1285 807 1411 894 Πίσσης
1436 809 1498 870 καί

220 927 263 1013 τῷ
287 924 526 1013 ἀρχιεπισκόπφ
550 923 627 1014 όιιὲρ
650 932 774 1015 χρόνων
798 925 882 993 δκτῶ
907 933 1003 1016 μέχρι
1025 934 1081 994 καί
1103 939 1154 995 νῶν
1179 932 1332 1016 σολεμνια
1355 935 1413 995 καί
1435 935 1497 1003 τὰς

220 1051 364 1124 τίσόδοος
388 1061 442 1116 τοῦ
467 1051 606 1138 ίμβόλου
638 1050 740 1119 αὐτῶν
762 1059 819 1120 καί
842 1065 900 1119 τῶν
924 1056 1040 1118 λοιπῶν
1065 1065 1124 1120 τῶν
1148 1056 1360 1144 διαφερόντων
1387 1051 1499 1129 αότοῖς

220 1180 276 1241 καί
300 1179 338 1242 τά
362 1179 535 1264 φθάσαντα
563 1175 784 1265 ἀπαιτηδῆναι
811 1177 844 1254 ἐξ
867 1177 969 1244 αὐτῶν
993 1185 1188 1264 κομμὲρκια,
1224 1177 1286 1244 κάν
1321 1184 1379 1264 μὲν
1412 1176 1501 1246 αὐτὰ

221 1309 321 1368 ταῦτα
344 1301 505 1387 λάβωμεν,
543 1298 775 1389 εόχαριστῆσαι
798 1313 837 1389 τῇ
862 1300 940 1386 ἁγία
963 1298 1059 1368 αιἰεοό
1087 1303 1235 1386 βασιλεία
1258 1306 1313 1366 καί
1338 1305 1393 1390 τήν
1417 1307 1501 1388 πρὸς

222 1425 294 1500 τοὺς
316 1428 489 1512 προγόνους
525 1422 621 1490 αόιοῶ
646 1428 801 1510 βασιλεῖς,
836 1430 888 1490 τόν
913 1449 945 1490 τε
969 1435 1057 1512 κόριν
1080 1425 1221 1500 Ἀλείων
1249 1429 1301 1490 τόν
1326 1425 1501 1514 Κομνηνόν

223 1553 279 1614 καί
303 1551 355 1614 τόν
379 1547 446 1614 υίόν
477 1548 600 1614 ἐκείνου
625 1553 677 1614 τόν
701 1555 991 1638 πορφυρογίννητυν
1022 1559 1110 1634 κόριν
1138 1548 1298 1637 Ἰωάννην,
1339 1549 1425 1615 ἀλλὰ
1455 1552 1499 1637 δὴ

222 1679 279 1740 καί
302 1675 358 1762 την
391 1677 470 1760 πρός
504 1677 557 1739 τόν
593 1678 682 1740 δεῖον
706 1687 761 1762 τῆς
786 1673 880 1754 ἁγίας
905 1671 1000 1740 αὐτοῦ
1035 1675 1200 1758 βασιλείας
1226 1683 1317 1758 κόριν
1340 1675 1503 1762 Μανουηλ

221 1803 278 1865 καί
301 1799 374 1873 τούς
397 1799 617 1886 κληρονόμους
638 1803 695 1864 καί
718 1799 892 1885 διαδόχους
914 1795 1010 1864 αότου
1034 1796 1090 1862 καί
1113 1801 1189 1884 πρὸς
1214 1793 1311 1885 αὐτὴν
1335 1801 1391 1886 την
1415 1799 1501 1866 Ῥω-

223 1927 338 2011 μανίαν
366 1923 498 2010 διηνεκῆ
522 1926 578 1986 καί
602 1922 728 1987 αἰώνιον
754 1926 934 2008 συμφωνίαν
958 1925 1013 1984 καί
1037 1921 1185 1988 δουλείαν
1208 1921 1414 1989 ἀνακαινίσαι
1440 1929 1504 1988 καὶ

188 2029 197 2087 f
223 2045 262 2112 δι’
287 2043 386 2133 όρκου
422 2049 611 2131 βεβαιῶσαι·
649 2045 703 2110 ἐὰν
739 2047 774 2109 δὲ
799 2047 841 2131 μὴ
874 2042 1077 2110 αόιὰταότα
1099 2043 1119 2132 ἡ
1144 2043 1240 2112 αότοό
1265 2049 1414 2130 βασιλεία
1439 2047 1503 2112 ὲκ-

223 2172 352 2260 πληροί,
385 2169 482 2257 ἑτάρῳ
505 2171 541 2235 δὲ
565 2191 624 2236 τινι
648 2173 752 2255 τρόπῳ
777 2167 986 2256 ἀντισήκωσιν
1012 2179 1140 2257 ποιῆται
1163 2183 1202 2258 τῇ
1226 2174 1388 2258 κοινότητι
1414 2171 1505 2237 Πίσ-

226 2320 285 2384 σης
320 2297 375 2383 τὴν
411 2293 612 2381 ἀρόσκαυσαν
646 2289 734 2380 ἡμίν,
774 2297 829 2356 καί
868 2287 948 2357 οὕτω
985 2303 1039 2380 την
1073 2294 1277 2380 δηλωδεῖσαν
1316 2301 1506 2382 συμφωνίαν

226 2423 464 2508 ίπσμόσασδαι.
490 2418 557 2484 ἐπεί
584 2419 823 2501 καταλαβόντες
850 2417 893 2490 είς
918 2419 972 2503 την
1001 2415 1094 2496 άγίαν
1123 2414 1219 2484 αότοῶ
1250 2418 1416 2502 βασιλείαν
1445 2423 1508 2484 καί

226 2545 356 2613 ἐνώπιον
381 2541 479 2632 αὐτῆς
498 2545 720 2628 παραστάντες
741 2545 797 2606 καί
813 2545 1087 2628 προσκυνήσαντες
1111 2542 1154 2628 τῷ
1176 2541 1278 2628 ἐνδόιρ
1303 2523 1375 2629 όόεῖ
1400 2541 1506 2631 αὐτῆς

226 2675 282 2736 καί
312 2665 561 2755 τρακταΐσαντες
589 2664 705 2738 ἱκανῶς
732 2669 802 2750 περί
826 2675 885 2729 τῶν
910 2662 1120 2752 ἐνδεδομένων
1143 2662 1233 2752 ἡμῖν,
1258 2677 1317 2730 τῶν
1343 2671 1400 2752 μὲν
1423 2664 1503 2751 παρ’

226 2793 315 2883 ἡμῶν
352 2794 551 2879 ζητουμένων
585 2791 709 2854 πάντων
745 2784 804 2878 οόκ
840 2787 1033 2875 ἐπετύχομεν
1068 2791 1122 2854 διὰ
1156 2793 1191 2854 τό
1226 2794 1283 2854 καί
1317 2791 1373 2876 τήν
1405 2789 1509 2870 ἁγίαν

230 2917 326 2986 αότοο
351 2917 519 3002 βασιλείαν
544 2913 755 3000 ἀντεπιζητεῐν
780 2911 813 2989 ἐξ
835 2910 923 3000 ἡμῶν
945 2919 1001 2988 τὰς
1020 2913 1108 3000 παρά
1130 2935 1220 2980 τινων
1236 2914 1400 2981 Πισσαίων
1426 2915 1508 2980 ἒπε-

230 3045 405 3130 νεχδείσας
441 3043 503 3103 τισί
539 3032 715 3123 ῥωμαῑκαῖς
739 3042 860 3124 χώραις
883 3043 939 3102 καί
962 3039 1127 3126 διαφόροις
1154 3037 1323 3124 Ῥωμαίοις
1354 3045 1441 3104 κατά
1472 3065 1510 3105 τε

232 3176 291 3254 νην
314 3167 370 3229 καί
392 3162 566 3228 θάλασσαν
591 3165 721 3248 ζημίας,
747 3158 901 3246 όπιεικείφ
923 3163 958 3226 δὲ
983 3166 1039 3226 καί
1063 3164 1320 3248 μεγαλοπρεπείᾳ
1349 3165 1511 3252 βασιλικῇ

234 3293 423 3355 κατίνευσεν
445 3280 465 3371 ἡ
490 3281 567 3364 άηία
590 3280 687 3349 αότοό
711 3285 872 3369 βασιλεία,
904 3282 972 3351 ἀντὶ
1001 3289 1124 3351 πάντων
1150 3295 1210 3349 τῶν
1233 3283 1305 3371 παρ’
1329 3283 1420 3374 ἡμῶν
1445 3293 1512 3374 ζη-

235 3417 393 3499 τουμένων
427 3408 484 3474 καὶ
507 3407 651 3496 ἀνωείρω
687 3407 947 3496 ἀναταχδόντων,
983 3409 1057 3476 ἄνευ
1084 3419 1138 3474 τοῦ
1165 3413 1243 3494 πρός
1267 3413 1319 3475 τόν
1343 3413 1511 3496 σεβαστό-

235 3539 378 3624 κράτορα
400 3533 529 3610 δάνοος,
554 3530 596 3606 ός
612 3544 671 3598 τῶν
695 3533 866 3598 δανειστῶν
890 3531 1114 3621 όπιρριφάντων
1138 3532 1269 3607 ἑαυτοὺς
1290 3534 1336 3608 τίς
1353 3539 1389 3599 τό
1414 3535 1512 3611 ἔλεος

236 3671 292 3726 τοῦ
317 3659 431 3724 όνδίου
446 3661 583 3745 κράτους
611 3653 724 3745 αότῆς,
753 3663 928 3724 σοναινίσει
950 3662 1005 3722 καὶ
1032 3655 1121 3745 ἡμῶν
1148 3657 1194 3733 εἰς
1220 3661 1255 3722 τό
1279 3657 1444 3726 ἐπιδοῦναι
1469 3675 1512 3751 τῇ

237 3786 397 3868 καινότητι
431 3781 555 3869 Πίσσης
582 3784 621 3846 τὰ
648 3779 709 3846 ἀπὸ
737 3781 861 3867 δωρεῶν
896 3791 955 3845 τῶν
990 3781 1143 3867 ἀοιδίμων
1179 3783 1351 3864 βασιλέων,
1388 3795 1444 3850 τοῦ
1473 3809 1511 3851 τε

238 3917 336 3996 κοροό
359 3907 503 3984 Ἀλεξίου
525 3910 581 3970 καί
605 3914 660 3971 τοῦ
682 3915 780 3992 κυροό
802 3904 954 3994 Μανουὴλ
976 3909 1242 3992 προκατεχόμενα
1264 3905 1336 3992 παρ’
1360 3907 1451 3996 ἡμῶν
1477 3910 1515 3975 ἐν

173 4025 177 4034 '
241 4043 279 4120 τῇ
302 4029 536 4112 Μεγαλοπόλει,
560 4031 613 4093 τόν
636 4051 670 4093 τε
694 4027 832 4116 ἔμβολον
854 4031 989 4118 δηλαδὴ,
1014 4031 1069 4115 τὴν
1094 4028 1270 4116 ἐκκλησίαν
1294 4031 1350 4097 σόν
1366 4043 1407 4120 τῇ
1432 4033 1514 4099 ἀνε-

242 4159 395 4242 τιρδιίση
418 4158 505 4242 παρὰ
527 4163 588 4218 τῶν
611 4150 777 4240 όμοφόλων
799 4150 888 4242 ἡμῶν
915 4151 1009 4238 ίτέρα
1034 4150 1193 4239 ἐκκλησία
1217 4149 1303 4226 ἐντός
1327 4164 1388 4219 τῶν
1413 4162 1515 4222 συνό-

243 4301 304 4368 ρων
325 4275 415 4368 ἡμῶν
437 4284 493 4345 καί
515 4280 571 4365 τὴν
593 4279 748 4364 παράλιον
772 4281 905 4356 σκάλαν,
931 4277 1079 4342 ἐπέκεινα
1098 4275 1134 4340 δὲ
1150 4278 1266 4341 τούτων
1282 4275 1518 4366 ότιβραβεόσαι

244 4409 286 4494 τῷ
308 4409 435 4492 κάστριρ
458 4401 548 4492 ἡμῶν
570 4406 627 4468 καί
649 4407 688 4470 τὰ
711 4401 743 4469 ἐν
766 4403 810 4492 τῷ
832 4407 1033 4491 γενησομένῳ
1056 4403 1134 4486 πρός
1156 4397 1242 4487 ἡμᾶς
1264 4405 1433 4493 πρακτικῷ
1455 4417 1518 4496 τῆς

243 4531 453 4618 παραδόσεως
488 4528 635 4595 όιεὲκεινα
669 4539 728 4594 τῶν
761 4527 1087 4627 προπαραδεδομίνυν
1121 4525 1396 4613 δηλωδησόμενα,
1426 4531 1444 4594 δ
1472 4533 1517 4621 δὴ

243 4657 418 4742 πρακτικόν
453 4655 508 4722 σόν
543 4656 586 4742 τῷ
618 4659 818 4742 γενησομένῳ
852 4651 925 4740 ἡμῖν
960 4648 1116 4734 βασιλικῷ
1147 4651 1356 4737 προσκονητῷ
1389 4675 1518 4740 χρυσο-

246 4782 371 4870 βοόλλιρ
404 4793 468 4858 τοῖς
502 4783 661 4869 σεκρότοις
706 4778 1030 4864 καταστρωδήσεται,
1066 4769 1245 4839 ἁνανεῶσαι
1283 4774 1318 4840 δό
1358 4777 1422 4843 ἀπὸ
1457 4789 1519 4847 τοδ
