3132 5268
1230 359 1296 426 219

41 553 143 614 ιισθαι
171 553 257 614 κατὰ
284 551 337 614 τὸν
367 549 462 616 τύπον
486 561 545 616 τῶν
571 551 697 636 ερεβιδν.
723 550 769 615 ἔτι
793 549 863 636 περὶ
886 561 942 636 τῆς
964 553 1106 636 πράξεως
1130 563 1185 618 τοῦ
1209 557 1297 618 σίτοσ

39 670 116 759 ι’μεῐς
144 670 162 740 δ
191 673 343 756 βασιλεύς
377 676 434 738 καί
459 669 480 760 ἡ
509 673 658 758 βασιλεία
691 670 781 761 ἡμῶν
808 675 943 760 λάχομεν
977 679 1034 738 καί
1063 673 1194 760 άρίσκει
1223 673 1297 763 ἡμῖν

40 799 179 874 ρινίσθαι
207 793 255 864 δι’
284 793 381 863 αύτοδ
409 805 466 862 τού
500 801 588 864 σίτοο
614 803 672 864 καί
698 802 768 886 περί
798 797 897 864 αύτού
923 803 1009 864 κατὰ
1035 801 1089 864 τὸν
1116 801 1211 864 τύπον
1235 811 1296 864 τῶν

38 923 156 1006 τριβῶν,
185 931 347 1008 μενουσῶν
375 931 435 986 τῶν
462 919 567 988 ἄλλον
594 933 705 989 πασῶν
733 921 925 1010 ἰλεοθεριιύν
950 928 1007 989 καί
1030 935 1224 1012 φραηηισιῶν
1248 923 1298 990 ἐπί

38 1049 141 1119 πάσαις
166 1058 235 1120 ταῖς
263 1045 380 1120 άλλαις
405 1051 640 1132 πραγματείαις
666 1051 723 1114 καί
749 1061 814 1122 τοῖς
835 1052 1018 1135 πράγμασιν
1041 1049 1087 1123 εἰς
1110 1052 1166 1138 τήν
1195 1047 1297 1114 αὐτῶν

37 1171 223 1236 κατάστασιν
254 1173 339 1234 κατὰ
363 1172 416 1236 τύν
439 1171 534 1236 τύπον
558 1181 619 1236 τῶν
645 1173 771 1257 τρεβῶν.
797 1171 843 1236 ἔτι
866 1167 958 1258 ἡμεῖς
981 1171 999 1243 ὁ
1023 1173 1173 1255 βασιλεύς
1196 1177 1251 1238 καί
1274 1169 1294 1258 ἡ

38 1293 174 1374 βασιλεία
196 1288 285 1379 ἡμῶν
310 1289 554 1380 ὑπισχνούμεθα
579 1295 623 1379 τῷ
648 1293 804 1382 είρημίνιρ
828 1296 1002 1382 μπαίούλιρ,
1027 1293 1107 1361 ὥστε
1130 1299 1234 1362 πάντα
1257 1300 1296 1361 τὰ

36 1420 304 1504 καινοορτηματα,
340 1413 588 1506 ἀποστερήσειε,
625 1415 768 1497 ἀδικίας,
803 1422 1074 1508 προσκρούσματα
1101 1425 1158 1488 καί
1182 1425 1297 1508 ζημίας

36 1547 83 1616 τὰς
105 1547 278 1630 γενομίνας
301 1539 342 1607 δι’
365 1539 455 1631 ἡμῶν
478 1547 534 1609 καί
557 1553 613 1631 της
628 1545 804 1628 βασιλείας
834 1541 924 1632 ἡμῶν
946 1558 1010 1618 τοῖς
1034 1541 1297 1633 ύποτεταγμίνοις

35 1665 70 1752 τῷ
93 1667 179 1754 κορῷ
206 1667 299 1732 δοοκί
326 1671 384 1734 καί
410 1667 454 1754 τῷ
480 1671 658 1753 κοομοονίιρ
692 1665 843 1740 Βενττίας
870 1665 903 1732 ἰν
931 1667 974 1754 τῷ
1000 1668 1102 1754 καιρῷ
1143 1673 1199 1733 καί
1234 1667 1297 1736 aad

36 1799 82 1854 τού
106 1800 224 1877 καιροῦ
251 1802 314 1856 τῶν
341 1791 529 1858 τελευταίαν
557 1792 676 1876 τρεβιον
704 1801 764 1855 τῶν
793 1795 971 1878 νενομίνιον
998 1791 1032 1856 ἰν
1055 1803 1094 1880 τη
1120 1789 1294 1858 Κωνσταν-

35 1915 201 1980 εινοοτύλει
227 1919 284 1980 καί
313 1919 394 2001 μετὰ
422 1923 523 1980 ταῦτα
550 1911 698 1988 ἰναντίονς
726 1921 782 1979 τού
806 1915 902 1980 τύπου
925 1925 985 1980 τῶν
1009 1916 1126 2001 τμεβῶν
1150 1917 1295 1982 καταλῦ-

35 2059 79 2101 σαι
104 2042 161 2104 καί
197 2039 447 2124 διορθώσασθαι
480 2036 539 2104 καὶ
572 2035 783 2117 ἐπαναγαγεῖν
812 2037 857 2110 εἰς
884 2037 940 2123 την
975 2035 1183 2126 δμειλομίνην
1216 2037 1295 2104 εἰναι

33 2167 79 2226 καί
101 2163 134 2228 ἰν
160 2162 183 2250 ἦ
205 2161 290 2250 ἦσαν
313 2165 525 2240 καταστάσει,
560 2165 675 2235 καθείς
699 2157 767 2227 ἰστε
789 2163 915 2228 δίκαιον
937 2167 996 2228 καί
1019 2159 1188 2250 ὀφείλομεν
1210 2166 1297 2236 κατὰ,

34 2287 77 2350 ιύν
99 2289 197 2352 τύπον
220 2297 282 2351 τῶν
305 2289 434 2372 τρεβιύν.
459 2282 578 2372 ύμοίας
600 2287 637 2350 δί
659 2289 716 2350 καί
740 2282 757 2350 ὁ
781 2283 946 2372 εἰρημένος
970 2286 1144 2372 μπαίούλος
1165 2283 1296 2373 δνύματι

32 2414 79 2474 καί
100 2411 217 2496 δικαίῳ
241 2417 297 2474 τού
320 2417 418 2495 κορού
442 2411 559 2484 δοοκός
587 2413 643 2474 καί
667 2417 722 2473 τοῦ
745 2413 937 2495 κοομαονίοο
960 2408 1109 2483 Βενττίας
1133 2405 1295 2496 ύπισχνείυ

33 2555 76 2598 ται
106 2531 181 2622 ἡμίν
215 2537 274 2598 καί
307 2543 347 2620 τη
384 2533 535 2618 βασιλεία
568 2529 658 2620 ἡμῶν
691 2534 796 2598 πάντα
830 2536 870 2597 τὰ
905 2532 989 2597 ἄλλα
1023 2535 1294 2620 καινοορηὴμαεα,

32 2656 268 2746 ἀποστερήσας,
293 2655 423 2732 ἀδικίας
445 2660 502 2722 καί
527 2660 644 2743 ζημίας
665 2659 721 2730 τὰς
745 2661 919 2743 χινομάνας
943 2657 997 2722 διὰ
1020 2667 1075 2722 τού
1098 2665 1198 2743 κοροῡ
1221 2659 1296 2722 δύο-

31 2783 79 2856 κύς
104 2787 161 2848 καί
197 2790 253 2846 τοῦ
287 2784 480 2866 κοομοονίοο
512 2779 662 2853 Βενιτίας
693 2791 757 2853 τοῖς
792 2775 1057 2866 ύποτεεαχμίνοις
1089 2776 1164 2867 ἡμίν
1191 2777 1224 2844 ἰν
1252 2783 1294 2866 τιρ

30 2907 121 2992 καιρῷ
142 2909 202 2971 καί
226 2902 288 2970 ἀπὸ
313 2913 368 2970 ιαύ
391 2911 508 2990 καιροῦ
537 2913 597 2968 τῶν
625 2904 812 2968 τελευταίαν
836 2905 954 2990 τρτβῶν
977 2914 1038 2967 τῶν
1062 2908 1238 2990 γενομίνιον
1263 2903 1297 2968 ἐν

29 3041 60 3114 τῇ
81 3028 416 3096 Κωνστανεινοοπύλει
442 3032 500 3093 καί
528 3031 608 3114 μετὰ
636 3036 736 3092 ταῦτα
761 3025 908 3100 ἰναντίοις
936 3036 992 3090 τοῦ
1016 3027 1113 3090 εύποο
1137 3037 1197 3092 τῶν
1220 3049 1294 3113 τρε·

30 3152 83 3232 βίον
108 3153 295 3218 καταλῦσαι
321 3155 379 3218 καί
406 3153 657 3237 διορθώσασθαι
685 3154 741 3214 καί
769 3147 979 3229 δπαναχαγτίν
1008 3147 1054 3222 εἰς
1085 3151 1140 3235 την
1164 3147 1294 3238 ύρειλο-

31 3272 118 3363 μίνην
153 3275 237 3342 εἶναι
270 3279 327 3340 καί
362 3273 396 3340 ἰν
424 3273 446 3362 ᾖ
471 3271 555 3362 ἦσαν
582 3275 795 3350 καταστάσει,
829 3276 943 3346 καθώς
978 3271 1045 3338 ἔστι
1079 3274 1204 3338 δίκαιον
1237 3273 1296 3338 καί

30 3392 186 3484 ἰρείλοοσι
213 3403 299 3464 κατὰ
327 3400 381 3464 τδν
410 3400 505 3464 τύπον
533 3408 594 3463 τῶν
622 3397 748 3484 ιρεβιίν.
778 3395 825 3460 ἔτι
853 3393 960 3482 ἰπειδη
988 3393 1079 3484 ἡμεῖς
1103 3395 1120 3462 δ
1145 3398 1298 3481 βασιλεύς

30 3523 124 3614 καὶὴ
155 3525 306 3610 βασιλεία
339 3521 429 3610 ἡμῶν
463 3521 647 3610 ἰντχύμτθα
680 3527 737 3588 καί
771 3521 1057 3608 ἀπολειπαῑύμεθα
1091 3523 1204 3588 δοῦναι
1226 3525 1296 3588 καί

29 3643 207 3737 ἀτορλησαι
235 3647 279 3734 τῷ
307 3647 393 3733 κορῴ
423 3644 516 3712 δοοκί
542 3649 599 3711 καί
627 3646 669 3732 τῷ
694 3647 872 3732 κοομοονίῳ
900 3643 1050 3726 Βενττίας
1080 3642 1156 3733 ύπὲρ
1180 3645 1292 3712 ἱκανο-

27 3775 179 3858 ποιησεως
196 3783 257 3836 τῶν
278 3771 425 3836 παλαιῶν
449 3773 569 3858 ζημιῶν
593 3765 752 3856 ύπίρπιιρα
776 3769 927 3855 χιλιάδας
950 3769 1113 3834 δεκαεπτὰ
1137 3773 1193 3834 καί
1213 3769 1296 3836 ἑκαπ

28 3897 73 3958 τύν
99 3895 258 3985 δεήκοντα
281 3901 366 3982 τρία,
403 3891 647 3982 ὑπισχνούμεθα
669 3895 712 3979 τῷ
734 3893 888 3980 εἰρημύνιρ
913 3895 1077 3980 μπαίούλιρ
1103 3895 1215 3960 δοῦναι
1238 3897 1296 3960 καί

27 4015 206 4108 ἀπορλῆσαι
233 4024 274 4086 τὰ
301 4028 433 4084 τοιαῦτα
460 4014 621 4104 ύπύρπορα
649 4017 704 4082 διὰ
729 4022 822 4082 πίνττ
846 4015 921 4082 ἰτιδν
945 4028 1005 4082 τιῑιν
1029 4015 1140 4106 ἐφεξῆς
1164 4017 1296 4083 ἐλεοσοε

27 4147 130 4225 μίνοιν,
156 4141 342 4231 ἀρχσμίνης
358 4153 414 4230 τῆς
437 4143 566 4229 διορίας
590 4151 650 4206 τῶν
674 4139 846 4227 εἰρημένων
869 4145 990 4227 χρδνιον
1008 4138 1069 4206 ἀπὸ
1094 4151 1149 4228 τῆς
1171 4137 1296 4228 ἡμίρας

27 4275 75 4351 τῆς
103 4270 309 4352 βεβαιώσεως
338 4275 394 4332 τού
420 4269 575 4353 παρόντος
604 4265 817 4351 σομβολαίοα,
846 4265 993 4352 δηλονύτι
1022 4261 1139 4352 [ἡμέρα
1162 4264 1298 4352 εἰκοστῇ.

26 4395 126 4478 πρώτη
154 4400 211 4456 τοῦ
235 4390 431 4478 ἀπριλλίοο],
458 4391 654 4476 διαιροῦντες
675 4393 732 4462 τας
756 4387 926 4476 εἰρημένας
953 4392 1115 4460 δεκαεπτὰ
1143 4391 1293 4477 χιλιάδας

27 4518 59 4578 τά
81 4513 244 4602 ύπίρπορα
266 4517 320 4583 καί
346 4514 462 4582 ίκατδν
486 4513 641 4602 ἐξήκοντα
668 4517 741 4598 τρία
769 4517 854 4578 κατὰ
877 4517 1016 4600 πύματον
1039 4517 1097 4579 καί
1120 4512 1292 4582 ἀποδιδὸν-

28 4658 70 4710 ττς
96 4637 170 4706 κατ’
206 4638 349 4705 ἰνιαοτδν
378 4641 413 4704 τὸ
442 4637 614 4722 ἰπιβάλλον
642 4641 751 4723 μίρος,
787 4637 936 4724 δηλονότι
963 4640 998 4703 τὸ
1025 4642 1181 4726 πύματον,
1216 4633 1302 4723 ὅπερ.

27 4759 101 4827 ἐστὶν
132 4761 292 4852 ύπίρπορα
327 4763 487 4851 τρισχίλια
517 4764 706 4849 τετρακόσια
742 4763 912 4848 τριάκοντα
940 4761 1010 4839 δύο,
1047 4765 1167 4842 κοκκία
1195 4763 1300 4828 δεκα-
