3182 5264
1330 395 1351 462 9

91 599 138 659 καί
164 591 241 660 αὑτό
270 597 306 660 τό
335 599 442 662 κοινόν
469 609 526 664 τοῦ
554 600 696 682 κάσερου
723 600 799 683 πρὸς
823 599 876 660 τόν
907 596 1043 679 βασιλέα
1071 591 1236 678 Ῥωμαίων
1264 600 1353 680 ηδριν

90 719 243 786 Ἰσαάκιον
281 719 339 784 καί
373 723 445 795 τοὺς
483 725 704 810 κληρονόμους
742 725 799 786 καί
837 721 1009 805 διαδόχους
1048 715 1144 787 αὑτοῦ
1182 721 1238 780 καί
1275 719 1351 801 πρός

90 840 179 929 αὑτήν
210 846 268 929 τήν
295 842 474 930 Ῥωμανίαν
508 847 552 918 είς
579 847 654 920 τυδς
689 846 805 919 αίιδνας
839 848 935 930 χωρίς
971 843 1070 908 δόλου
1102 845 1160 906 καί
1180 845 1350 925 περινοίας,

88 971 137 1030 καί
158 965 201 1041 ὣς
229 976 329 1034 ταῦτα
359 967 515 1056 δμνὺομεν
552 975 633 1058 μετὰ
668 969 798 1056 ἀγαθῆς
832 974 965 1040 πίστεως
1000 966 1077 1032 ἄνευ
1098 966 1195 1032 δόλου
1218 969 1275 1028 καί
1297 986 1354 1028 πε-

87 1097 215 1176 ρινοίας,
251 1089 351 1166 οὑτως
379 1092 433 1159 ἵνα
461 1097 570 1182 βσηθη
599 1093 718 1168 όθεός
740 1090 813 1180 ἡμῖν
836 1097 893 1158 καί
920 1091 963 1178 τῷ
996 1087 1127 1178 ῥηθέντι
1163 1088 1351 1173 ὲξουσιαστη

88 1220 138 1278 καί
164 1211 250 1301 αὑτηί
277 1217 320 1302 τῴ
352 1219 450 1304 κοινῷ
475 1229 531 1305 τῆς
560 1217 682 1305 Πίσσης
710 1217 742 1284 έν
771 1219 813 1303 τῷ
839 1225 892 1282 νῦν
928 1215 1018 1282 αἰῶνι
1048 1219 1103 1280 καί
1123 1214 1168 1278 ,έν
1199 1209 1242 1300 τῷ
1272 1213 1351 1298 μέλ-

87 1340 177 1403 λοντι.
203 1339 233 1403 οἱ
255 1341 292 1404 δέ
315 1341 549 1429 διαληφθόντες
575 1341 808 1428 χρυσόβσυλλοι
830 1341 921 1419 λόγοι
949 1339 1072 1426 έχουσι,
1108 1339 1223 1410 καθὼς
1245 1337 1352 1422 δηλω-

88 1466 231 1548 θήσεται.
261 1462 278 1528 ό
308 1469 363 1548 μὲν
399 1474 454 1530 εοδ
489 1467 646 1548 βασιλέως
681 1466 806 1552 δηλαδή
842 1471 939 1550 κυροδ
974 1462 1118 1538 Ἀλεξίου
1153 1457 1261 1536 οὑτως·
1287 1459 1354 1526 ἐπεί

88 1589 255 1674 διαφόρους
294 1586 556 1675 ἀποκρισιαρίους
593 1593 671 1676 πρός
705 1591 759 1676 τήν
796 1589 963 1672 βασιλείαν
1000 1610 1060 1674 μου
1099 1586 1289 1656 ἀπέστειλαν
1324 1584 1355 1650 οἱ

87 1711 208 1776 ’ἔποικοι
231 1721 286 1797 τής
308 1716 418 1798 χώρας
447 1709 534 1798 ὑμῶν
559 1719 616 1778 καί
644 1723 699 1778 του
726 1715 866 1798 κάστρου
888 1711 1013 1798 Πίσσης
1040 1715 1121 1796 μετὰ
1144 1715 1203 1776 καί
1225 1723 1353 1799 γραφῶν

86 1831 201 1914 αὑτων,
231 1840 289 1900 καί
312 1832 331 1922 ή
358 1837 505 1918 βασιλεία
541 1859 601 1922 μου
634 1838 728 1902 πάλιν
762 1839 840 1922 πρός
875 1833 989 1908 αὑτοὺς
1023 1836 1195 1922 διαφόρους
1230 1839 1354 1922 γραφὰς

85 1959 319 2039 ἐξαπέστειλεν,
351 1959 437 2026 οὑπω
462 1963 497 2026 δὲ
521 1961 651 2050 ἔφθασε
673 1965 827 2042 γενέσθαι
850 1963 1016 2050 σύμφωνον
1045 1959 1274 2048 ἀπηρτισμένον
1298 1970 1354 2046 της

85 2084 210 2149 ἐκείνων
244 2089 323 2170 πρὸς
362 2087 417 2172 τήν
453 2085 619 2170 βασιλείαν
654 2109 715 2172 μου
741 2089 893 2171 καθαρᾶς
928 2089 1062 2158 πίστεως
1096 2089 1153 2150 καί
1181 2080 1352 2171 ὑποταγῆς,

84 2207 154 2274 οὔτε
178 2220 234 2294 τής
258 2212 424 2294 βασιλείας
454 2233 514 2295 μου
543 2213 620 2296 αρός
654 2207 770 2284 αάτοὺς
804 2209 966 2298 ἔγγραφον
1001 2209 1240 2296 χρυσόβυυλλον
1276 2211 1354 2294 σύμ-

83 2354 199 2419 φωνον,
235 2338 412 2400 τελευταῖον
447 2335 483 2399 δὲ
520 2333 704 2400 ἀπέστειλεν
732 2332 751 2421 ή
777 2335 925 2418 βασιλεία
947 2357 1010 2420 μου
1035 2337 1087 2400 τόν
1112 2334 1229 2399 οίκείυν
1254 2329 1352 2422 αὑτῆς

84 2457 270 2543 ἄνθρωπον,
305 2461 361 2524 τόν
392 2460 637 2547 κουρσπαλσίεην
670 2459 842 2526 Βασίλειον
867 2462 920 2524 τόν
943 2457 1151 2545 Μεσημέρην,
1188 2462 1269 2544 μετὰ
1300 2461 1356 2524 καί

82 2587 271 2667 ’γράμματος
292 2580 404 2670 αὑπής,
428 2585 602 2669 θελήσασα
623 2584 784 2658 δέξασθαι
808 2579 922 2656 αὑτοὺς
943 2580 987 2656 ὑις
1007 2583 1137 2656 πιστοὺς
1152 2585 1237 2667 κατὰ
1252 2587 1356 2646 πάντα

82 2718 134 2792 τής
172 2709 338 2790 βασιλείας
375 2729 436 2792 μου
459 2712 516 2772 καί
539 2716 594 2770 τοὺ
628 2709 846 2792 περιποθήτου
881 2729 941 2794 μου
976 2705 1045 2772 υέοό
1079 2711 1136 2772 καί
1169 2715 1224 2792 τής
1247 2710 1355 2796 χώρας

81 2829 168 2916 ἡμῶν
205 2829 348 2918 ἁπάσης,
384 2831 498 2894 τοῦδέ
535 2828 733 2905 ἀπελθόντος
768 2836 824 2896 καί
849 2835 889 2898 τά
914 2833 1088 2918 γράμματα
1110 2841 1166 2918 τῆς
1190 2832 1356 2914 βασιλείας

83 2977 140 3036 μου
164 2959 422 3039 προκομίσαντος
446 2951 567 3032 αὑτόίς,
591 2954 733 3030 εἰπόντος
757 2957 792 3020 δὲ
816 2961 873 3022 καί
896 2959 935 3020 τὰ
949 2957 1144 3042 μηνύματα,
1173 2955 1355 3034 διαγνόντες

84 3085 119 3142 τά
143 3085 306 3166 γραφέντα
330 3083 386 3142 καί
410 3081 593 3165 μηνυθέντα
617 3075 722 3164 αὑτοῖς
746 3083 803 3144 καί
825 3077 1056 3165 ἀποδεξάμενοι
1078 3088 1177 3144 ταῦτα
1201 3083 1257 3147 καί
1277 3077 1353 3144 ὑλο-

83 3214 206 3288 σχερῶς
230 3205 428 3288 θελήσαντες
453 3205 609 3282 γενέσθαι
631 3209 736 3270 τιστοί
759 3207 972 3272 καταστάντα
994 3213 1050 3289 της
1075 3204 1246 3294 βασιλείας
1264 3201 1353 3292 ἡμων

82 3333 135 3390 καί
160 3337 217 3412 τής
240 3331 349 3412 χώρας
372 3325 476 3414 ἡμων,
501 3327 662 3416 ἔγγραφον
686 3329 851 3416 σύμφωνον
876 3327 1031 3414 ἐποίησαν
1055 3330 1274 3415 διαλαμβάνον
1299 3331 1355 3415 τήν

82 3457 155 3537 πρὸς
181 3453 237 3537 τήν
261 3453 429 3535 βασιλείαν
457 3449 547 3539 ἡμῶν
576 3457 632 3518 καί
661 3455 717 3538 τήν
740 3451 917 3538 Ῥωμανίαν
941 3456 1092 3540 καθαρὰν
1118 3453 1219 3522 αὑτῶν
1242 3459 1355 3532 πίστιν,

83 3577 178 3640 όκαί
202 3571 365 3660 δι”όρκου
398 3580 513 3650 πάντες
548 3575 666 3662 δμοίως
701 3577 899 3660 ἐβεβαίωσαν
927 3581 983 3642 καί
1007 3580 1085 3662 πρός
1109 3579 1164 3664 τὴν
1189 3581 1355 3662 βασιλείαν

82 3723 141 3783 μου
166 3699 205 3763 δι’
229 3697 315 3784 ὑμῶν
339 3705 395 3764 καί
419 3709 473 3764 τοῦ
498 3699 741 3786 ἀποκρισιιφίου
763 3696 862 3787 αδιης
886 3699 1121 3790 Ιἐξαπέστειλαν,
1146 3703 1235 3768 δκαί
1251 3699 1355 3790 ῥητῶς

81 3821 181 3897 οὑτως
216 3825 441 3909 διαλαμβάνει·
478 3823 512 3892 ἐν
545 3823 678 3908 ὀν’όματι
711 3835 768 3891 του
802 3830 911 3912 κυρίου
945 3822 1033 3914 ήμιδν
1069 3827 1172 3913 Ἰησοῦ
1208 3829 1354 3913 Χριστοῦ,

81 3946 175 4032 ἀμήν.
201 3945 292 4035 ήμεῐς
326 3951 441 4021 πάντες
465 3948 494 4012 υἱ
517 3948 642 4014 έποικοί
666 3957 721 4012 τοῦ
756 3953 907 4034 κάστρου·
929 3948 986 4014 καὶ
1009 3959 1064 4036 τής
1099 3956 1208 4037 χώρας
1231 3952 1356 4040 Πίσσης

81 4069 330 4158 ὑπισχνεόμεθά
365 4095 416 4136 σοι
440 4071 484 4157 τῷ
506 4071 672 4156 ἁγιωτάτῳ
698 4075 823 4166 βασιλεῖ
856 4073 942 4159 κυριμ
968 4074 1102 4149 Ἀλεξίω
1127 4076 1356 4164 νιαδτηῑκυριρ

80 4195 210 4281 Ἰωάννη
241 4196 283 4280 τῴ
306 4194 501 4284 ἠγαπημένῳ
531 4219 588 4262 σου
612 4195 668 4282 υίῴ
690 4201 751 4262 ναδ
771 4199 896 4280 βασιλεῖ
917 4199 960 4284 tq]
980 4204 1287 4288 πορφυρυγεννήτιμ,
1312 4199 1355 4273 ὑις

79 4317 172 4406 ἡμεῖς
194 4318 211 4384 ὁ
238 4318 322 4392 ἅπας
347 4320 534 4394 Πισσαίκὺς’
548 4323 629 4395 λαός
644 4321 715 4392 σἰπό
739 4332 795 4408 τής
817 4325 965 4410 τοιαύτης
988 4321 1073 4410 δρας
1096 4329 1152 4390 καί
1175 4322 1208 4398 ές
1232 4329 1272 4390 τὰ
1296 4325 1354 4412 lp·-

79 4447 220 4528 πρόσθεν
254 4442 316 4508 οὑκ
353 4443 498 4530 ἐσόμεθα
522 4444 567 4508 ἀν
603 4447 703 4532 βουλή
726 4445 746 4532 ή
770 4449 894 4532 πράξει,
930 4447 971 4514 δι’
1001 4445 1040 4536 ής
1071 4446 1157 4535 ὑμεῖς
1181 4447 1354 4527 ἀπολέσειε

80 4570 134 4655 τήν
160 4569 329 4653 βασιλείαν
358 4565 442 4654 ὑριδν
466 4568 486 4656 ή
512 4571 567 4655 τήν
590 4568 770 4656 Ῥωμαίων,
795 4569 816 4658 δ
840 4575 896 4644 τὰς
920 4575 1035 4658 νδῦθῦς
1050 4583 1114 4660 ’ίῆίῖ
1130 4574 1353 4664 ’θαδάωηςῆ

81 4695 137 4764 τὰς
162 4696 285 4778 χώρας,
322 4693 361 4766 ἀς
393 4701 444 4758 νῦν
468 4703 611 4778 κρατεῖτε
636 4691 694 4760 ὑπό
722 4697 776 4780 τήν
801 4691 954 4781 ὑμετέραν
979 4695 1124 4770 ἐξουσίαν
1148 4698 1204 4762 καί
1228 4699 1277 4785 ἀς,
1291 4699 1354 4764 ἀπό

81 4817 195 4902 ταύτης
219 4827 275 4906 εής
300 4812 385 4904 ὧρας
409 4821 464 4882 καί
488 4815 522 4890 ές
544 4821 583 4884 τά
608 4817 790 4908 ἔμπροσθεν
813 4816 1047 4907 ἐπικτήσεσθαι
1075 4822 1208 4908 μέλλετε
1231 4819 1292 4888 ἀπό
1315 4845 1352 4910 τε
