3182 5264
163 309 282 396 Ιιο

238 524 308 590 μοις
339 507 396 590 καί
424 502 591 589 διαδόχοις
625 498 723 590 αύτήι
753 507 809 573 καί
837 515 875 592 τη
907 503 1067 592 Ῥωμανίφ
1094 507 1260 594 φυλάττειν
1293 502 1509 594 ἐπωμόσαντο,

238 623 323 716 ἀφηρ
307 593 473 713 ρέοδησάα
498 623 593 700 αὖθις
618 627 649 704 ἐξ
675 624 776 695 αὐτῶν
800 634 855 694 καί
879 641 941 710 τοῖς
965 629 1134 704 Πισσαίοις
1158 629 1440 719 ἀποκατιστηοαν,
1466 629 1509 703 ὡς

235 759 294 816 τῶν
319 751 467 832 τοιούτων
491 753 526 816 τό
550 749 659 838 ἱκανόν
685 751 772 840 ἔχειν
800 751 1027 842 ὀφειλόντων
1013 757 1074 818 από
1105 763 1159 819 τοῦ
1184 755 1355 840 δημοσίου,
1380 752 1441 820 κᾶν
1465 777 1509 840 μη

236 883 339 960 σχῶσι
362 874 412 952 δὲ,
450 875 492 962 μή
517 879 602 964 κατὰ
626 887 685 942 τῶν
715 876 876 944 Πισσαίων
913 875 1101 966 ὀφειλόντων
1137 876 1275 958 ἐνάγειν,
1311 877 1396 949 ἀλλὰ
1424 883 1511 944 κατὰ

235 1007 290 1064 τού
314 999 471 1088 δημοσίου
496 997 600 1078 αύτούΙ
618 1001 706 1076 ἐντός
731 1010 785 1066 τού
810 1008 1036 1090 νενομισμένου
1060 1011 1182 1088 καιροῦ,
1208 1001 1269 1070 κᾶν
1292 1008 1349 1090 μὲν
1373 1007 1510 1090 τύχωσιν

235 1119 496 1212 ἀντισηκῶσαως
522 1123 607 1210 ἔχειν
633 1128 668 1188 τό
693 1124 802 1192 ἱκανόν
825 1127 932 1198 διὰ
903 1150 932 1190 τ
928 1136 959 1190 5
982 1129 1150 1205 δοδὲντος,
1178 1125 1239 1196 κᾶν
1264 1129 1306 1214 μή
1332 1138 1435 1214 οχιδοι
1459 1129 1507 1204 δέ,

234 1253 374 1336 στέργειν
406 1245 448 1322 ὡς
471 1256 530 1334 τής
552 1249 718 1332 βασιλείας
743 1273 810 1337 μου
828 1249 873 1315 ἐπ
899 1249 1043 1324 ἀδείας.
1032 1272 1081 1321 εκ
1099 1261 1159 1317 τῶν
1184 1255 1286 1336 νόμων
1312 1249 1451 1338 ἐχούσης
1476 1249 1509 1316 ἐν

234 1351 358 1456 εἰδήοει
381 1372 555 1458 δωρεῖσθαι
579 1378 635 1437 καί
659 1377 699 1442 τά
723 1372 875 1462 ἀλλότρια
903 1379 960 1442 καί
982 1371 1067 1446 ούτω
1089 1375 1289 1462 δωρουμένης
1313 1379 1511 1460 τὰτοιαῦτα

234 1494 279 1582 τῷ
299 1505 362 1582 τῆς
379 1494 504 1582 Πίσσης
526 1498 723 1584 πληρώματι.
748 1497 816 1567 ἐπεὶ
844 1499 879 1564 δὲ
865 1501 986 1585 ὲπρός
1015 1509 1079 1574 τοῖς.
1105 1497 1216 1575 ἄλλοις
1240 1473 1428 1585 ἐδεήθησαν
1453 1510 1510 1586 τής

233 1621 399 1706 βασιλείας
416 1643 484 1734 :¹²⁰⁰
508 1621 537 1686 οἱ
560 1621 723 1710 διαληφδέ
726 1642 795 1694 ντες
826 1621 1122 1710 ἀποκρισιάριτμ,
1109 1645 1158 1686 ινα
1178 1621 1417 1709 555555555
1408 1643 1439 1688 εν
1463 1621 1509 1708 τῷ

233 1716 362 1834 παρόντι
392 1747 620 1833 χρυσυβυύλλῳ
650 1754 705 1832 τῆς
734 1747 901 1830 βασιλείας
927 1769 987 1834 μου
1011 1751 1062 1810 τά.
1074 1769 1114 1819 τε
1130 1750 1398 1851 αροκατεχόμενα
1418 1752 1510 1832 παρὰ

235 1879 290 1939 τού
315 1874 430 1956 μόρους
456 1879 510 1934 τού
537 1873 677 1958 κάστρορ
705 1875 761 1945 καί
789 1880 844 1957 τῆς
870 1875 979 1958 χώρας
1003 1879 1059 1956 τῆς
1084 1869 1245 1958 Πίσσηςέ
1248 1891 1263 1934 ν
1288 1883 1326 1958 τη
1354 1869 1508 1953 Μεηαλο-

231 1996 323 2066 πόλει
347 1993 467 2080 δίκαια,
486 1997 533 2082 ,τά
557 2017 589 2058 τε
612 2001 665 2058 νόν
690 1991 1127 2082 ἐπιφιλοτιμηδένταχαύτοῑς
1151 1998 1238 2080 παρὰ
1262 2004 1323 2081 τῆς
1342 1995 1510 2077 βασιλείας

234 2141 308 2206 μοι),
341 2114 522 2204 ηύδόκησεν
551 2113 632 2200 ούαω
661 2121 814 2198 γενέσθαι
834 2115 856 2205 5
881 2120 1032 2206 βασιλεήα
1061 2140 1131 2205 μου.
1163 2090 1364 2206 καὶχέχροσι
1387 2122 1426 2198 τά
1451 2122 1511 2203 μὲν

232 2245 499 2328 προκατεχόμενα
519 2245 609 2325 παρὰ
632 2240 878 2324 τῶνχΠιοοαίων
903 2216 1056 2330 οὕτως’..ή
1079 2247 1265 2328 περίμετρος
1289 2249 1343 2306 τοῦ
1367 2239 1511 2330 ἐδάφους

228 2377 288 2432 τῶν
311 2368 596 2450 προκατεχομὲνων
619 2359 691 2448 παρ’
715 2359 816 2432 αότῶν
841 2362 1023 2452 οἰκημάτων
1040 2363 1116 2450 1ἔχει
1133 2362 1314 2470 μήκαςόιτό
1338 2375 1393 2436 τοῦ
1417 2367 1498 2450 προζς

227 2492 315 2576 δύσιν
349 2493 463 2576 μὲρους
499 2497 558 2554 των
592 2491 850 2574 περισωζομένων
886 2486 1381 2576 ἐγχορήηωνχκτισμάτωνιτῷν
1418 2491 1499 2578 πρός

227 2615 428 2700 μεσημβρίαν
465 2620 518 2676 τοῦ
543 2609 681 2698 ἐμβόλου
704 2609 760 2676 καὶ
782 2613 859 2696 πρός
898 2611 1052 2698 ἀνατολήν
1086 2590 1202 2698 πήχεις
1236 2615 1411 2702 τριάκοντα
1436 2633 1488 2684 ,κα

226 2747 317 2824 τρεῖς.
343 2735 471 2822 ἀντικρύ
495 2737 530 2800 δὲ
555 2737 670 2810 τούτων
694 2741 750 2800 καί
774 2733 901 2800 ἐκεῖθεν
925 2744 979 2800 τοό
1008 2733 1146 2822 ἐμβόλου
1173 2738 1252 2820 πρός
1282 2733 1446 2825 ἄρκτονν
1429 2759 1488 2825 εχε

229 2863 264 2926 τό
290 2860 410 2966 ἔδαφος
445 2870 505 2926 τῶν
541 2855 642 2924 αύτιῖιν
658 2858 860 2968 οἰκημάτων
886 2869 955 2928 τῶν
992 2857 1054 2949 σἀτό
1089 2860 1227 2946 παλαιοῦ
1258 2868 1361 2950 μῆκος
1390 2863 1507 2948 πήχεις

228 2989 495 3095 τριακονταεννέα
517 2987 572 3072 καί
595 2985 715 3056 πλάτος
738 2986 773 3047 τό
780 2954 856 3072 μὲν
878 2987 960 3070 πρός
982 2985 1181 3072 μεσημβρίαν
1205 2987 1319 3072 πήχεις
1344 2985 1440 3064 δέκα,
1466 2989 1505 3050 τό

228 3113 263 3178 δὲ
300 3122 356 3198 της
379 3087 621 3196 διακρατήυερις
656 3117 717 3216 ταῦ
740 3107 883 3197 ἐδάφους
919 3119 979 3196 των
1015 3112 1091 3194 πρός
1123 3083 1244 3194 άρκτον
1280 3117 1334 3174 τού
1363 3108 1506 3196 ἐμβόλου

228 3235 411 3322 οἰκημάτων
440 3237 495 3298 καί
521 3235 598 3320 πρός
627 3231 743 3320 ἄρκτον
771 3242 826 3298 τοῦ
854 3231 994 3318 ἐμβόλου
1024 3237 1139 3320 πήχεις
1163 3233 1265 3299 εἰκοσι
1289 3245 1378 3320 τρεῖς.
1403 3237 1441 3320 τά
1467 3235 1506 3298 δὲ

227 3367 279 3424 νῦν
305 3356 429 3448 ἐπιφιλο
432 3355 660 3448 τιμηθήντα,ἐ
661 3379 678 3418 ν
703 3355 749 3429 οἷς
774 3330 1015 3444 συναισάηονται
1038 3361 1154 3424 καὶτὰ
1177 3366 1309 3446 τοιαῦτα
1325 3361 1382 3446 καί
1397 3357 1505 3426 ἐκπα-

228 3483 282 3546 λαι
307 3479 411 3570 ἐδάφη
436 3481 605 3568 ἐχουσινο
589 3476 697 3588 ούτφς
721 3483 800 3565 πρός
835 3481 1034 3570 μεσημβρίαν
1069 3489 1124 3544 τοῦ
1160 3479 1299 3568 ἐμβόλου
1333 3485 1390 3546 καί
1422 3485 1506 3568 πρός

229 3603 419 3691 ἀνατολήν
416 3613 471 3670 τού
500 3577 707 3714 νεροδρόμου
722 3613 776 3671 τού
806 3601 868 3668 ἀπὸ
893 3613 952 3668 τόν
976 3603 1189 3694 ’.Αμαλφηνιῑιν
1214 3609 1269 3683 καί
1292 3614 1347 3670 τοῦ
1371 3603 1503 3676 Ἱκανοί-

227 3751 282 3796 του
307 3729 427 3816 ἔδαφος
451 3738 510 3803 τῶν
533 3708 814 3814 πυρποληδέντων
815 3727 1005 3814 οἰκημάτων
1031 3727 1249 3815 ἀρχόμενον.Ἰ
1234 3730 1295 3794 απά
1324 3737 1378 3796 τοῦ
1406 3751 1503 3818 νερο·

227 3854 346 3940 δρόμου
370 3855 427 3918 καί
454 3851 713 3937 άπευδυνόμενον
740 3855 834 3938 μέχρι
864 3856 1003 3916 καὶτῶν
1029 3850 1214 3940 ἐγχορήτιυν
1239 3857 1420 3940 κτισμάτων
1444 3863 1503 3918 τού

229 3981 380 4064 μετοχίου
391 4015 393 4020 -
405 3987 470 4066 τῶν,
487 3974 684 4066 Τριχιναρῶν
709 3974 786 4062 ἔχον
811 3983 914 4062 μηκας
931 3973 992 4040 ἀπό
1010 3983 1064 4040 τού
1078 3945 1274 4064 ,νεροδρόμου
1295 3987 1355 4046 τῶν
1375 3975 1504 4062 ’5505-

227 4111 332 4190 φηνιῖιν
367 4071 422 4169 καί
457 4075 553 4187 μάχρι
576 4103 631 4172 καί
657 4107 710 4164 τοῦ
741 4105 893 4184 μετοχόοο
925 4103 1044 4188 πήχεις
1080 4098 1301 4191 ἐβδομήκυχτα
1337 4112 1417 4189 τρεῖς
1441 4107 1504 4169 καί

227 4226 347 4298 πλάτος
382 4198 444 4313 555
479 4233 534 4291 τού
569 4222 707 4310 ἐμβόλου
742 4227 798 4288 καὶ
826 4228 919 4309 μέχρι
948 4196 1003 4310 τής
1030 4227 1107 4310 πρὸς
1138 4227 1336 4313 μεσημβρίαν
1365 4221 1501 4314 ῥυμίδος

229 4358 283 4436 τής
307 4349 490 4440 διαιρούσης
525 4325 652 4412 ἐκεῖθεν
687 4351 743 4412 καὶ
776 4349 855 4434 πρὸς
890 4349 1089 4434 μεσημβρίαν
1113 4351 1159 4436 τά,
1186 4349 1299 4435 δίααια
1322 4353 1362 4414 τὰ
1390 4351 1501 4438 δωρη-

227 4475 328 4541 δόντα
354 4485 417 4546 τοῖς
444 4471 660 4562 Ἀμαλφηνοῐς
688 4475 772 4538 κατά
805 4473 839 4536 τά
864 4473 942 4562 πρὸς
965 4471 1172 4560 δόσινμέρρς
1197 4475 1231 4538 τό
1255 4471 1325 4560 κατ’
1348 4473 1417 4559 ἴσον
1441 4483 1501 4543 τοῦ

225 4599 418 4690 νεροδρόμου
441 4603 496 4662 καί
521 4608 580 4664 τῶν
605 4595 707 4660 ἐκεῖσε
739 4595 925 4684 ἐγχυφήηων
953 4599 1134 4682 κτισμάτων
1162 4606 1217 4662 του
1233 4597 1500 4694 ποτεναίκηστα-

226 4727 295 4802 σίου
323 4733 382 4788 τῶν
418 4720 581 4802 Παναηίου
615 4721 731 4808 πήχεις
766 4729 1030 4806 τριακοντατρεδς,
1068 4714 1114 4808 ἐφ’
1142 4715 1185 4784 ὧν
1214 4721 1410 4808 νεροδρόμων
1439 4728 1500 4788 καὶ
