3164 5264
1297 339 1364 424 307

87 547 183 616 τιέίν,
218 537 273 606 διά
306 547 400 604 τοῦτο
434 541 491 606 καί
523 539 577 606 διά
613 539 668 626 τὴν
701 539 852 625 καθαράν
888 535 1016 624 ἀγάπην
1050 539 1106 602 καί
1136 537 1244 625 φιλίαν
1274 533 1364 624 ἡμῶν

98 660 281 750 ἀπεφήνατο
305 657 325 750 ἡ
349 661 498 745 βασιλεία
528 683 604 750 μου,
631 659 684 728 ἵνα
708 659 767 728 ὦσι
788 661 884 726 πάλιν
907 670 962 746 τῆς
987 656 1159 732 αόδεντίας
1182 669 1242 724 τῶν
1264 659 1364 724 Βενε-

96 795 167 850 τιδν
197 786 349 869 βεβαίους,
374 783 614 870 ἀμετατρέπτυνς
637 807 669 850 τε
697 783 754 852 καὶ
781 783 1020 871 ἀμετακινήτιος
1049 781 1125 848 ἀνευ
1153 784 1251 864 λόγου
1272 787 1364 856 τινός.

96 906 142 972 έπι
165 911 238 993 περὶ
262 917 320 974 τοῦ
343 911 478 992 σονόμοο
506 917 561 972 τοῦ
588 909 762 995 λεγομένου
785 907 896 994 Μπάρ,
927 909 1042 982 ποδός
1071 903 1087 970 ό
1114 905 1283 994 εἰρημένος
1313 928 1365 970 πι-

96 1035 170 1106 στός
198 1033 315 1108 δοῦλος
342 1043 398 1122 τῆς
432 1033 595 1118 βασιλείας
631 1055 692 1120 μου
720 1031 873 1120 έχώρισεν
901 1028 993 1108 αὐτό,
1028 1027 1128 1104 οὕτως
1159 1036 1279 1117 στέργον
1310 1035 1367 1096 καί

94 1153 302 1242 ἀποδέχομαι
335 1160 392 1220 καί
426 1154 611 1240 έπιβεβαιῦ,
645 1153 699 1220 ἵνα
728 1155 750 1244 β
779 1152 1023 1242 ἀμετάτρεπτον·
1053 1153 1122 1220 ἔστι
1149 1153 1186 1218 δέ
1214 1161 1307 1218 τοῦτο
1331 1157 1367 1218 τό

96 1280 229 1364 σύνορον
254 1287 309 1342 τοῦ
337 1283 435 1344 τόπου
462 1277 586 1346 έκείνοο
603 1277 665 1344 ἀπό
693 1281 786 1344 νότου
810 1276 989 1366 ἀρχόμενον
1018 1277 1079 1342 ἀπό
1104 1287 1159 1364 τῆς
1183 1277 1367 1364 θαλάσσης,

95 1406 152 1466 καί
176 1401 309 1489 ἔρχεται
339 1405 374 1468 τό
403 1401 599 1489 ἀκρωτήριον
628 1404 663 1466 τό
686 1401 858 1487 λεγόμενον
880 1401 1050 1482 Βολίτίαν,
1081 1397 1148 1466 εἶτα
1177 1395 1255 1487 ὅλην
1282 1401 1368 1485 διερ-

98 1529 239 1611 χόμενον
266 1525 322 1611 την
356 1520 451 1612 βάχιν
479 1525 641 1612 διέρχεται
667 1528 723 1590 καί
751 1527 804 1590 τόν
831 1524 976 1610 πρόποδα
1004 1531 1059 1588 τοῦ
1088 1523 1230 1609 μεγάλου
1254 1525 1369 1608 βουνοῦ

96 1657 153 1714 τοῦ
177 1645 269 1722 ὄντος
291 1652 369 1735 πρός
392 1651 428 1714 τό
452 1651 602 1734 κάστρον,
625 1646 695 1714 εἶτα
718 1645 888 1734 ἀνάρχετον
911 1645 956 1722 είς
979 1648 1033 1711 τόν
1057 1648 1169 1732 βουνὸν
1192 1647 1246 1711 τόν
1273 1647 1370 1726 λεγό-

96 1793 192 1858 μενον
215 1773 348 1854 Δεσίνα,
373 1769 425 1836 ἀπ’
449 1766 546 1836 αότοῦ
570 1771 606 1836 δέ
628 1771 836 1858 διερχόμενον
863 1769 1007 1856 καταντᾷ
1029 1769 1074 1844 εὶς
1098 1771 1210 1854 βουνόν
1233 1771 1369 1858 λεγόμε-

93 1918 149 1964 νον
178 1896 341 1982 Βαρσόνα·
369 1897 485 1984 ταύτην
513 1893 567 1962 οὖν
594 1897 650 1982 την
677 1897 830 1982 περιοχὴν
858 1895 914 1960 σόν
942 1907 1007 1970 τοίς
1035 1893 1068 1960 έν
1092 1891 1173 1980 αὐτῇ
1197 1893 1277 1960 ἑπτὰ
1300 1899 1368 1982 χιό.-

95 2019 178 2106 ρίυις
201 2017 384 2108 ἀπεφήνατο
408 2016 429 2106 ἡ
453 2019 600 2104 βασιλεία
622 2041 699 2104 μου,
733 2015 786 2082 ἵνα
813 2019 915 2106 ἦτῆς
938 2013 1111 2092 αὖθεντίας
1134 2029 1193 2084 τῶν
1216 2018 1369 2086 Βενετιῦν
1450 2026 1452 2032 ’

95 2147 236 2230 βεβαίως
259 2148 316 2210 καί
339 2143 579 2231 ἀμετακινητιυς
602 2143 679 2210 ἄνευ
700 2145 799 2223 λόγου
822 2147 914 2218 τινός.
936 2143 984 2210 έτι
1007 2143 1043 2208 δέ
1065 2147 1135 2230 περί
1157 2152 1213 2210 τοῦ
1237 2147 1370 2229 συνόροο

95 2277 153 2334 τοῦ
177 2262 363 2346 Οόλκινέου,
387 2263 463 2351 ὅπερ
492 2265 628 2353 ἄρχεται
651 2264 713 2332 ἀπό
737 2275 792 2353 τῆς
815 2268 989 2353 θαλάσσης
1012 2271 1068 2330 καὶ
1095 2266 1239 2352 καταντᾷ
1264 2265 1309 2342 είς
1334 2269 1369 2330 τό

94 2390 323 2476 δίτελέπορτον
352 2391 406 2457 τόν
435 2389 560 2473 βουνόν,
588 2387 658 2454 εἶτα
680 2387 725 2462 είς
749 2390 860 2474 βοονόν
884 2390 1057 2476 λεγόμενον
1080 2387 1202 2454 Κόντον
1225 2387 1284 2454 καὶ
1304 2393 1370 2454 πά-

93 2516 145 2578 λιν
172 2513 220 2587 είς
246 2513 390 2600 ποταμόν
417 2513 589 2597 λεγόμενον
618 2510 756 2588 Μολίνα,
786 2511 854 2576 εἶτα
881 2513 1055 2596 διαβαῖνον·
1072 2515 1125 2578 τόν
1147 2515 1291 2598 ποταμόν
1315 2516 1372 2578 καί

93 2639 308 2724 διερχόμενον
336 2639 423 2720 παρὰ
451 2637 504 2700 τάν
532 2635 648 2714 λόγγον
676 2631 872 2721 κατέρχεται
898 2633 943 2710 εἰς
966 2636 1078 2723 λίμνην
1102 2636 1278 2724 λεγομένην
1300 2635 1372 2702 Κά-

93 2783 177 2840 νινα,
201 2767 259 2827 καί
275 2760 337 2828 ἀπό
353 2770 411 2848 της
436 2761 549 2846 λίμνης
571 2761 748 2846 πληροῦται
771 2759 816 2836 εὶς
840 2761 895 2846 την
919 2763 1103 2839 θάλασσαν,
1127 2769 1220 2826 τοῦτο
1243 2764 1278 2828 τό
1295 2763 1371 2826 σῦν-

93 2907 172 2975 ορον
206 2891 289 2973 μετὰ
315 2896 376 2951 τῶν
413 2883 446 2950 έν
480 2881 564 2972 αότιβ
589 2894 682 2969 τριῶν
710 2889 834 2974 χωρίων
870 2883 1048 2972 ἀνερήνατυ
1076 2881 1097 2972 ἡ
1122 2885 1271 2970 βασιλεία
1299 2908 1370 2973 μου,

92 3009 149 3078 ἵνα
177 3009 200 3098 ’β
227 3019 283 3095 της
306 3005 479 3082 αὐθεντίας
503 3017 563 3072 τῦν
591 3006 754 3076 Βενετιιῦν.
787 3007 836 3072 ἔτι
862 3011 934 3093 περί
961 3014 1016 3071 τοῦ
1045 3010 1177 3094 συνόροο
1205 3018 1260 3074 τοῦ
1283 3007 1372 3076 Ναυ-

92 3137 237 3211 πάκτου,
266 3129 342 3218 ὅπερ
366 3129 501 3218 ἄρχεται
525 3127 587 3195 ἀπό
611 3139 666 3215 της
690 3107 841 3217 εἰσβολῆς
861 3137 916 3216 τῆς
939 3131 1016 3215 πρός
1040 3131 1095 3216 την
1119 3131 1292 3196 θάλασσαν
1315 3143 1370 3198 τοῦ

91 3265 245 3344 ποταμοῦ
272 3267 328 3324 τοῦ
356 3258 531 3342 λεγομένου
554 3253 726 3344 ’θριδάρου
749 3259 807 3320 καί
829 3245 1042 3342 ἀνερχόμενον
1066 3256 1230 3344 διέρχεται
1252 3254 1310 3324 ἀπὸ
1335 3261 1371 3324 τό

93 3387 242 3468 κάστρον
263 3382 300 3445 τό
324 3381 498 3466 λεγόμενον
521 3377 695 3464 Βρομιάριν
718 3381 775 3443 καί
796 3380 891 3444 πάλιν
916 3379 1123 3466 διερχόμενον
1151 3383 1204 3448 τόν
1228 3385 1371 3470 ποταμόν

94 3505 272 3592 ἀνέρχεται
305 3503 353 3578 είς
381 3505 436 3590 τήν
463 3503 567 3589 πηγὴν
595 3501 650 3587 την
678 3499 853 3590 λεγομένην
881 3501 1002 3568 Πλάκα
1028 3508 1085 3568 καί
1112 3503 1157 3578 είς
1184 3505 1239 3591 την
1263 3509 1371 3592 χώραν

92 3632 154 3716 τὴν
184 3629 360 3714 λεγομένην
390 3625 535 3700 Ζιλιιζάν
569 3621 626 3690 καὶ
654 3621 816 3711 διέρχεται
842 3623 904 3702 έος
938 3635 994 3694 τοῦ
1027 3635 1172 3714 ποταμοῦ
1200 3637 1256 3692 τοῦ
1284 3633 1372 3714 παρὰ

93 3755 153 3839 την
178 3754 288 3838 χώραν
316 3751 372 3836 την
401 3750 577 3834 λεγομένην
605 3745 788 3834 Ἀχιλλίαν,
817 3747 885 3814 εἶτα
913 3747 1083 3837 ἀνέρχεται
1105 3749 1166 3826 διες
1188 3751 1372 3838 Ὀρδοπλά-

92 3899 175 3954 κας,
200 3879 258 3940 καί
281 3871 334 3940 ἀπ’
359 3869 458 3960 αὐτῆς
481 3877 599 3958 γορίζει
621 3875 698 3960 πρός
722 3876 922 3960 μεσημβρίαν
942 3879 998 3940 καὶ
1020 3880 1214 3964 κατέρχεται
1232 3875 1294 3952 έιος
1316 3887 1372 3944 τοῦ

89 4007 244 4087 ποταμοῦ
264 4007 321 4066 τοῦ
342 3999 517 4084 λεγομένου
539 3997 740 4083 Κορμόσδυυ,
765 4003 822 4064 καί
846 3997 898 4066 ἀπ’
922 3998 1019 4067 αὐτοῦ
1043 4011 1098 4067 τοῦ
1120 4014 1266 4089 ποταμοῦ
1290 4025 1371 4068 κατ-

92 4125 181 4211 αντᾷ
204 4123 249 4200 τίς
272 4122 381 4210 ἕτερον
403 4125 548 4208 ποταμόν
571 4123 743 4208 λεγόμενον
774 4123 914 4212 Τάρναν,
940 4126 1008 4192 εἶτα
1030 4133 1224 4215 κατέρχεται
1247 4129 1292 4202 είς
1316 4131 1372 4218 την

93 4245 190 4334 ῥίζαν
214 4255 270 4313 τοῦ
300 4249 428 4332 βουνοῦ,
458 4242 537 4315 ὅπου
564 4256 763 4312 καταντῶσιν
785 4246 816 4312 οἱ
847 4249 904 4314 δόο
926 4255 1064 4336 ποταμοὶ
1088 4250 1133 4325 είς
1156 4255 1251 4318 τόπον
1274 4254 1372 4334 λεγό·

93 4391 195 4460 μενον
215 4369 366 4456 ’Μόρνοκ
401 4373 457 4436 καί
492 4367 555 4444 ἀπὸ,
589 4379 644 4434 τοῦ
666 4367 792 4456 Μόρνοο
825 4371 1004 4458 πληροῦται
1031 4373 1075 4447 είς
1104 4375 1159 4462 την
1187 4375 1371 4444 δαλοσοαν·

91 4497 216 4582 ταύτην
243 4494 300 4580 την
322 4495 476 4579 περιοχὴν
503 4489 737 4580 έμαρτόρησαν,
773 4489 821 4558 δτι
845 4490 981 4582 ἀπάρχει
1005 4499 1135 4583 σῦνορον
1158 4507 1215 4564 τοῦ
1236 4497 1374 4570 Ναυπά-

91 4641 187 4699 κτου,
211 4616 298 4687 ἀλλά
318 4615 337 4684 ό
360 4625 418 4703 πῦρ
437 4617 580 4702 Δαρεῖος,
607 4615 642 4690 ὃς
665 4614 704 4706 ἠν
721 4619 801 4703 μετὰ
824 4627 879 4684 τοῦ
904 4619 1073 4707 εἰρημένου
1088 4621 1205 4688 δοῦλου
1229 4633 1286 4711 τῆς
1310 4627 1372 4710 βα-

92 4746 222 4820 σιλείας
245 4766 321 4830 μου,
357 4745 412 4812 καί
436 4737 454 4806 ό
482 4740 662 4816 καπετάνος
684 4751 739 4808 τοῦ
762 4741 959 4810 Ναυπάκτου
993 4739 1093 4822 οδτιος
1128 4746 1225 4816 εἶπον·
1255 4745 1304 4817 ότι
1329 4753 1373 4820 ,εὰ

1102 4859 1137 4912 20
1155 4853 1172 4890 *
