3132 5268
1248 345 1315 428 ιυί

62 549 494 632 τανευτοχεστάτου
528 551 606 614 καί
638 547 1037 634 πανυψηλοτάτυυ
1069 549 1147 612 καί
1175 545 1314 626 ἁγίου

59 664 164 752 ἡμῶν
202 667 439 736 αῦθίντοο
477 675 555 736 καί
593 672 825 738 δεσπὸτυυ
864 668 1108 758 Ῥωμαίων,
1146 675 1312 756 κυρίου

59 791 314 879 Δημητρίου
352 793 689 876 Παλαιυλόηου
731 804 810 860 τοῦ
849 793 1312 884 Πορφυρογεννητοο,

59 922 123 980 καί
155 919 455 1004 καβαλάριος
489 917 774 993 Ἀθανάσιος
808 916 826 984 δ
860 919 1105 1006 Λάσκαρις
1140 923 1170 999 †.

134 1047 209 1119 Θήρ.
235 1049 348 1108 mbr.
372 1050 513 1106 tabulatis·
532 1049 699 1110 Ηοτεκάιιί.
724 1051 863 1122 Βάρῑυπεα
880 1052 1057 1108 tribuam
1074 1069 1150 1106 ακπο
1170 1047 1257 1106 1389.

286 1343 392 1414 XLIV.
410 1347 641 1413 6950-1442.
662 1349 711 1413 19.
729 1347 916 1436 septembris
932 1345 997 1414 ind.
1013 1347 1066 1414 vl.

59 1507 208 1580 Imperator
233 1502 573 1594 ῙοακπεεζΡαὶατοίορνι
593 1523 734 1586 ρτοτορσί
753 1516 901 1586 pactiones
929 1517 1085 1568 anteriores
1111 1532 1174 1568 ειυκ
1203 1514 1314 1570 Venetis

471 1637 573 1708 [παίετε
588 1637 619 1692 in
635 1655 728 1694 απποε
743 1640 875 1710 quinque.

134 1785 417 1875 ῒἾιυάννης,
457 1787 502 1854 λν
541 1787 719 1876 Χριστῷ
759 1789 814 1876 τῷ
849 1789 938 1876 θεῷ
978 1791 1144 1864 πιστάς
1183 1791 1311 1874 βασι-

59 1909 150 1984 λεῦς
186 1915 266 1976 καί
302 1909 604 2000 αὐτοκράτωρ
642 1911 887 2000 Ῥωμαίων,
925 1911 943 1978 δ
976 1912 1314 1993 Παλαιυλῦγος

59 2039 124 2098 καί
166 2033 439 2115 αδηοοστος.
486 2035 553 2102 ἐπεὶ
595 2035 612 2102 ὁ
656 2035 810 2126 ἐπιφανὴς
858 2041 915 2102 καί
961 2039 1204 2124 μεγαλοπρεπὴς
1253 2046 1313 2123 κῦρ

58 2155 263 2242 Φραντίίσκος
299 2159 487 2246 Φάσκαρις,
522 2163 603 2226 θεοῦ
637 2165 743 2248 χάριτι
771 2161 846 2236 δοῦξ
872 2159 1021 2236 Βενετίας
1054 2166 1111 2226 καί
1138 2165 1177 2226 τά
1205 2162 1311 2238 λοιπὰ,

58 2286 211 2370 γράμμασι
237 2287 409 2370 προσέταξε
438 2284 480 2370 τῷ
511 2282 694 2371 ἐξηρημίνῳ
722 2279 842 2365 εὐγενεῖ
867 2289 923 2350 καί
951 2290 1092 2373 φρονίμῳ
1116 2283 1206 2372 ἀνδρί
1228 2284 1315 2372 πυρῷ

58 2401 164 2493 Μάρκῳ
189 2406 345 2492 Κουρίου,
375 2405 489 2494 ἐντίμῳ
513 2411 570 2472 καί
594 2420 756 2496 περιφανεῖ
783 2409 947 2494 μπαῖοῦλῳ
976 2407 1009 2474 ἐν
1040 2419 1079 2497 τῇ
1109 2407 1311 2474 Κυνσταντι-

58 2534 188 2597 νυυπδλει
222 2537 278 2598 καί
310 2531 342 2597 ἒν
374 2536 463 2620 πάση
498 2543 538 2622 τῇ
573 2534 721 2618 βασιλείῳ
755 2543 811 2620 τῆς
844 2532 1023 2620 Ῥυμανίας
1059 2533 1167 2622 ἔχοντι
1202 2532 1311 2622 ἐντελῆ

59 2653 188 2730 ἐξουσίαν
215 2662 272 2722 καί
306 2656 417 2723 άδειαν
445 2661 501 2723 καί
528 2655 659 2744 ὁρισμὸν
693 2657 882 2744 τρακταῒσαι
916 2664 972 2726 καί
1004 2668 1136 2748 ποιῆσαι
1170 2664 1227 2725 καί
1257 2663 1312 2744 βι-

59 2781 180 2861 βαιῦσαι
201 2785 256 2846 καί
274 2783 442 2870 πληρῶσαι
464 2784 580 2868 τρίβας
603 2787 659 2848 καί
683 2785 850 2874 συνθήκας
873 2787 930 2858 τὰς
952 2789 1122 2871 κατωτάροι
1145 2805 1309 2874 γραφησο-

61 2909 144 2986 μένας
172 2907 289 2991 μεταξῦ
316 2903 405 2995 ἡμῶν
432 2929 466 2971 τε
493 2911 550 2972 καί
578 2915 634 2996 τῆς
661 2903 818 2994 ἡμετερας
847 2909 1012 2992 βασιλείοις
1040 2913 1096 2974 καί
1123 2919 1179 2972 τοῦ
1206 2927 1316 2994 προεια

62 3035 185 3115 ρημίνου
208 3039 307 3117 κυρυῦ
331 3033 448 3106 δουκῦς
471 3035 527 3096 καί
549 3039 604 3098 τοῦ
628 3036 819 3118 κουμουνίου
842 3031 1001 3111 Βινετίας,
1024 3033 1138 3106 καθιδς
1162 3033 1316 3120 δηλοῦται

62 3151 106 3216 διά
127 3177 207 3229 τινος
235 3157 423 3242 γράμματος
451 3155 603 3220 δουκικοῦ
632 3153 729 3220 αὐτοῦ
758 3163 814 3219 τοῦ
842 3153 1012 3244 ἐπιφανοῦς
1034 3159 1090 3220 καί
1115 3155 1314 3242 μεγαλοπρε·

62 3289 126 3352 τοῦς
159 3287 256 3367 κυροῦ
290 3283 406 3354 δσυκάς
444 3285 502 3344 καί
528 3289 585 3345 τοῦ
618 3283 809 3365 κουμουνίου
842 3279 1007 3357 Βενετίας,
1042 3285 1316 3367 κατοιχυρυμένου

63 3401 167 3492 βοάλλη
195 3405 364 3491 μολιβδίνη
393 3408 472 3491 μετὰ
502 3409 644 3491 σχοινίου
668 3405 838 3489 καναβίοο,
864 3405 1017 3477 δοθέντος
1045 3402 1078 3468 ὲν
1101 3403 1143 3489 τῷ
1173 3404 1313 3489 δουκικῷ

62 3525 313 3618 ταλατίῳῖαδτοῦ
335 3537 391 3594 τοῦ
415 3533 604 3615 κουμουνίου
629 3529 693 3594 ἔτει
717 3525 779 3595 ἀπὸ
803 3538 859 3616 τῆς
883 3537 938 3593 τοῦ
961 3527 1099 3614 Χριστοῦ
1124 3531 1316 3614 σαρκόσευς

63 3651 199 3738 Ιηιλιοοτῷ
229 3651 485 3738 τετρακοσιοστῷ
522 3653 769 3738 τεσσαρακοστῷ
796 3649 948 3738 δευτέρῳ,
976 3650 1034 3716 ίνδ.
1071 3651 1108 3730 α’,
1139 3649 1244 3740 ἡμέρα
1267 3651 1317 3732 κη’

64 3779 149 3861 μηνῦς
174 3781 385 3866 φευρουαρίου
412 3781 496 3842 κατὰ
524 3778 560 3840 τῦ
590 3777 670 3852 ἔθος
699 3787 753 3864 τῆς
782 3775 945 3854 Βενετίας,
969 3775 1156 3863 δειχθέντος
1179 3781 1237 3842 καί
1258 3779 1316 3841 δο-

63 3897 162 3976 θέντος
184 3913 225 3990 τη
250 3902 398 3986 βασιλεία
422 3923 498 3987 μου,
529 3897 621 3988 ἡμεῖς
648 3899 809 3988 Ἰωάννης,
835 3899 867 3964 ἐν
891 3899 1017 3986 Χριστῷ
1040 3900 1083 3986 τῷ
1109 3901 1177 3984 θεῷ
1206 3904 1316 3974 πιστὸς

63 4024 197 4106 βασιλεῦς
212 4029 270 4093 καί
287 4022 491 4113 αὐτοκράτωρ
514 4023 689 4112 Ῥωμαίων,
713 4021 730 4089 δ
755 4024 989 4104 Παλαιδλοηος,
1014 4023 1052 4089 δι’
1076 4021 1165 4112 ἡμῶν
1188 4029 1245 4090 καί
1261 4034 1318 4112 τῆς
1390 4011 1397 4024 '

62 4149 213 4230 βασιλείας
235 4147 340 4239 ἡμῶν,
370 4150 416 4216 ἔτι
440 4173 473 4215 τε
497 4159 558 4214 τῶν
581 4150 787 4237 κληρονόμων
810 4153 867 4214 καί
889 4149 1061 4236 διαδόχων
1076 4145 1175 4236 ἡμῶν,
1199 4145 1318 4234 δμοίως

63 4271 90 4337 δὲ
114 4281 166 4342 καί
188 4273 206 4341 δ
231 4274 396 4362 εἰρημένος
424 4275 600 4361 μπαίοῦλος
626 4273 741 4359 δικαίῳ
766 4277 823 4338 καί
851 4270 983 4359 δνὸματι
1010 4279 1064 4338 τοῦ
1091 4277 1318 4360 προειρημένου

61 4395 217 4490 ἐπιφανοῦς
248 4409 346 4488 κυροῦ
375 4401 492 4474 δουκῦς
520 4403 576 4464 καί
603 4405 659 4463 τοῦ
687 4401 877 4483 κυυμυυνίου
905 4395 1055 4470 Βενετίας
1086 4392 1161 4483 ὑπὲρ
1193 4395 1318 4485 είρηνης

61 4531 108 4590 καί
134 4523 499 4616 ἀηάπηςῗζέκατέροιθεν
526 4520 736 4611 δφειλομίνης
762 4523 945 4608 τηρηθηναι
977 4525 1034 4586 καί
1068 4521 1174 4609 φιλίας
1203 4518 1256 4585 ἐπὶ
1281 4523 1317 4586 τῦ

61 4663 187 4734 κρεῖττον
227 4647 511 4738 αόεηθησομίνης,
551 4647 821 4734 ἐπικαλεσάμενοι
860 4649 894 4711 τῦ
933 4643 1035 4732 ὄνομα
1074 4655 1128 4712 τοῦ
1167 4645 1315 4732 Χριστοῦ,

62 4774 222 4868 ουνίβημεν
252 4777 301 4842 ἐπὶ
329 4778 465 4852 τούτοις,
501 4771 663 4862 δηλονότι,
692 4769 743 4836 ἵνα
769 4769 830 4838 ιἰπῦ
854 4781 910 4862 τῆς
933 4774 1096 4862 παρούσης
1119 4767 1239 4860 ἡμερας
1262 4773 1318 4838 καί
