3114 5264
1277 291 1342 358 297

67 480 154 570 θέλῃ
178 479 389 571 εὑρίσκεσθαι
412 490 498 552 κατὰ
522 487 595 561 τοός
619 489 762 574 καιροὺς,
786 493 825 553 νὰ
850 487 963 577 ὀφείλῃ
984 491 1023 552 νὰ
1044 488 1117 576 δίόῃ
1141 488 1197 572 τὴν
1221 481 1341 550 αόθεν-

67 612 136 672 τίαν
173 629 234 694 μου
267 613 373 674 καθὲν
409 614 524 698 χρόνον
558 611 611 676 διὰ
646 617 804 699 αανίσαῃν
839 613 974 700 φλουρία
1013 613 1159 696 βενὲτυια
1197 609 1342 696 χιλιάδες

66 733 150 796 δέκα
186 729 249 798 ἀπὸ
283 735 338 820 εῆν
373 735 482 820 πρᾶξιν
515 743 572 820 τῆς
606 740 827 821 πραγματείας
865 733 978 802 αὐτῶν.
1023 735 1070 800 ἔτι
1104 735 1140 798 δὲ
1175 731 1288 822 ὀφείλῃ
1322 729 1342 818 ἤ

67 855 320 943 ἐκλαμπροτοίτη
351 852 506 922 αόθεντία
532 857 685 932 Βενετίας
720 859 773 922 διὰ
800 869 907 924 πᾶσαν
942 859 1061 936 αἰτίαν,
1097 855 1176 924 ὀποῦ
1211 854 1344 942 ὀσυνίβη

67 983 168 1064 μέσον
196 975 301 1067 ἡμῶν,
330 985 386 1044 καί
410 981 463 1044 διὰ
486 992 548 1046 πᾶν
578 979 690 1068 χρέος,
719 981 780 1046 εἴτε
807 985 929 1059 νοινόν,
954 981 1015 1046 εἴτε
1040 981 1136 1060 ἴδιον,
1166 981 1227 1046 εἴτε
1255 990 1344 1044 τινῶν

65 1101 179 1166 ὀδικῶν
203 1125 276 1176 τους
305 1102 481 1190 ἀνθρώπων
509 1105 564 1169 διὰ
588 1101 662 1169 ὅλον
687 1109 740 1170 τὸν
763 1111 960 1191 περασμίνον
984 1107 1095 1191 καιρὸν
1117 1107 1177 1190 πρό
1202 1113 1257 1190 τῆς
1282 1106 1345 1190 μοί-

66 1249 131 1312 χῃς
159 1223 222 1300 ἕως
250 1228 305 1313 τήν
336 1231 474 1314 σήμερον
501 1231 541 1292 νὰ
569 1229 683 1294 ὀόσουν
713 1231 768 1316 τὴν
797 1225 969 1294 αόθεντίαν
998 1251 1059 1314 μου
1087 1229 1230 1292 δουνοίτα
1255 1229 1344 1311 βενί-

66 1372 143 1414 τίκα
169 1373 196 1436 ρ
222 1348 284 1424 ἕως
307 1354 442 1436 χρόνους
476 1353 549 1430 δύο,
585 1356 642 1416 καί
669 1352 765 1416 πλέον
794 1356 833 1417 νὰ
862 1353 962 1440 μηδὲν
990 1352 1121 1416 δύναται
1148 1347 1345 1437 ἡαόθεντία

67 1497 130 1560 μου
162 1479 264 1560 ζητεῖν
293 1472 389 1560 χρέος
423 1481 543 1540 ειανὲνα
570 1473 785 1561 πεφασμένον,
822 1478 900 1562 μήτε
930 1475 969 1542 ὲκ
997 1477 1051 1562 πῆν
1081 1473 1345 1561 ἐκλαμπροποίτῃν

67 1595 242 1662 αόθεντίαν
278 1597 443 1676 Βενετίας,
479 1601 559 1686 μῆτε
594 1597 656 1664 ἀπὸ
691 1599 764 1673 τούς
802 1597 991 1685 ἀνθρώπους
1025 1593 1132 1685 αότῆς.
1167 1596 1274 1684 ἕτερον
1309 1599 1345 1662 δὲ

67 1718 193 1808 ὀφείλει
216 1717 236 1808 ἡ
261 1719 509 1808 ἐνλαμπροτάτῃ
534 1718 689 1788 αόθεντία
711 1722 861 1796 Βενετίας
884 1727 923 1788 ναί
946 1725 1124 1810 παραόώσῃ
1148 1724 1202 1810 πῆν
1227 1719 1347 1786 αόθεν-
1405 1715 1408 1727 ’

67 1853 139 1911 τίαν
165 1867 225 1932 μου
250 1848 285 1910 τὸ
309 1849 450 1932 αοίστρον
473 1848 647 1933 λεγόμενον
665 1847 800 1930 Σνώδρα
824 1845 856 1914 ἐν
880 1859 919 1934 τῃ
942 1847 1137 1931 Ἀλβανιτίογ,
1163 1850 1346 1932 σωζομένου

67 1973 107 2034 νὰ
133 1971 168 2034 τί
193 1967 318 2055 ἐκβάλῃ
343 1973 382 2034 νὰ
406 1968 508 2056 ὀποίρῃ
525 1973 577 2034 τὸν
602 1967 718 2056 ἄρχον,
747 1967 826 2036 ὀποῦ
851 1969 921 2036 ἕναι
944 1971 1084 2058 αεφαλῆ,
1109 1973 1166 2034 καί
1187 1969 1261 2042 τους
1286 1964 1346 2054 ῥω-

67 2095 226 2176 γατόροος
250 2095 307 2156 καί
330 2089 424 2165 ὅλους
449 2091 567 2166 ἄλλους
596 2091 800 2176 ἀνθρώπους,
828 2090 942 2166 οἵτινες
969 2093 1087 2158 θίλουν
1115 2093 1169 2156 διὰ
1196 2095 1236 2157 νὰ
1264 2088 1346 2180 ὀπη-

69 2219 196 2294 γὲνουν,
211 2213 318 2302 ἤγουν
345 2219 384 2301 μὲ
404 2219 444 2280 τὰ
471 2220 644 2302 πράγματα
668 2237 742 2296 πων,
773 2214 803 2280 εἴ
824 2239 852 2314 σι
880 2214 945 2300 ἄρα
972 2219 1029 2281 ααί
1053 2213 1091 2281 ἂν
1116 2215 1222 2302 ἔχουν,
1246 2219 1303 2280 καί
1325 2211 1345 2301 ἡ

67 2337 228 2406 αόθενεία
255 2343 294 2403 νὰ
323 2337 443 2424 ἐπέρνει
471 2343 527 2414 τὰς
557 2341 677 2423 σνεβὰς
701 2343 756 2404 καί
779 2337 908 2405 ἅπασαν
932 2339 1033 2428 ἄλλην
1057 2337 1134 2427 ὀλῃν
1157 2341 1345 2426 πολεμικὴν,

67 2465 98 2530 εἴ
127 2487 157 2528 τι
184 2463 247 2552 ἄρα
275 2468 331 2528 καί
359 2460 541 2548 εὑρίσκεται
570 2463 614 2538 είς
643 2467 677 2528 εό
705 2467 807 2550 παρόν
836 2467 977 2550 αοίστρον
1009 2463 1083 2530 ἄνευ
1106 2470 1228 2550 ααμίας
1252 2465 1346 2528 ἐναν-

66 2591 220 2660 τιοίσεως.
250 2587 296 2652 ἔτι
324 2588 360 2652 δὲ
389 2585 508 2674 ὀφείλει
536 2583 556 2674 ἤ
586 2585 834 2674 ἐκλαμπροτάπη
864 2585 1019 2652 αόθεντία
1046 2598 1102 2675 τῆς
1129 2587 1279 2660 Βενεπίας
1308 2591 1347 2652 νᾰ

67 2716 192 2798 στρέψῃ
210 2711 256 2786 είς
279 2714 335 2799 τὴν
359 2707 530 2776 αόθεντίαν
555 2733 626 2796 μου,
650 2710 749 2796 ἤγουν
773 2713 808 2776 πό
833 2715 906 2799 νῃσί
929 2721 984 2798 τῆς
999 2709 1143 2799 Λήμνου,
1165 2716 1348 2798 σωζομένου

68 2840 105 2902 τό
132 2839 172 2900 νά
196 2837 343 2922 ὲπὲρνουν
369 2837 423 2922 πῆν
447 2835 589 2922 κεφαλὴν
614 2839 671 2900 καί
695 2835 767 2910 τους
791 2835 1029 2924 ἄρχονταςκαὶ
1057 2834 1150 2902 ἄλλοι
1174 2835 1347 2922 ἅνθρωποι,

68 2960 187 3035 οἵτινες
210 2963 374 3047 θελῆσουν
396 2965 435 3026 νὰ
458 2965 625 3047 πῃγένουν,
649 2965 688 3024 ναί
710 2959 866 3047 ὲπίρνουν,
892 2961 970 3026 εἴτι
995 2960 1057 3047 ἄρα
1081 2959 1137 3026 γαί
1161 2960 1199 3026 ἂν
1224 2961 1347 3048 ἔχουσι,

68 3091 111 3152 νὰ
136 3090 303 3172 πῃγίνυυν,
328 3083 449 3150 ὀπόθεν
474 3085 684 3163 θίλουν,·ααί
699 3089 779 3158 τινὲς
802 3082 881 3150 ὀποῦ
905 3086 1079 3171 θελῆσουν,
1096 3088 1135 3150 νὰ
1159 3083 1349 3171 ἀπομείνουν

69 3211 117 3284 είς
142 3211 179 3274 tr)
199 3211 299 3294 παρὸν
324 3212 423 3296 νησίν,
447 3211 487 3272 νὰ
511 3207 591 3272 εἶναι
615 3211 863 3295 συμπαθῃμὲνοι
887 3208 932 3282 εὶς
956 3207 1035 3273 εἴτι
1059 3207 1165 3288 ὀγενεν
1188 3207 1248 3282 ἕως
1272 3213 1348 3296 πόρε

68 3336 121 3401 ἔτι
160 3335 196 3398 δὲ
234 3329 254 3420 ἤ
289 3335 397 3418 παρὼν
434 3331 681 3418 ἐκλαμπροτοίτῃ
716 3328 872 3396 αόθεντία
911 3331 1063 3405 Βενυσίας
1097 3335 1137 3396 νὰ
1171 3333 1349 3420 παραθώσῃ

68 3463 151 3545 πρὸς
175 3460 231 3545 τῆν
256 3455 428 3522 αόθενπίαν
453 3479 514 3542 μου
543 3461 581 3520 τὰ
608 3458 708 3542 παρόν
736 3459 870 3542 αοίστρυι
897 3461 954 3520 καί
981 3460 1111 3536 τόπους,
1135 3454 1227 3522 ἅτινα
1251 3455 1350 3542 ἐπάρ-

69 3589 185 3669 θησαν
215 3581 247 3645 ἐν
276 3593 315 3668 τῃ
351 3584 442 3666 μάχῃ
472 3579 509 3644 ὲκ
537 3582 591 3665 τῆν
622 3577 793 3644 αόθενείαν
823 3602 898 3665 μου,
933 3578 1031 3667 ἤγουν
1061 3579 1093 3644 ἐν
1121 3585 1160 3645 τὰ
1187 3586 1266 3668 μέρη
1291 3589 1347 3646 τοῦ

69 3705 231 3794 Μωρέως,
268 3710 451 3792 σωζομένου
479 3708 514 3769 πὸ
544 3703 574 3768 οί
597 3703 762 3788 ἅνθρωποι
790 3709 829 3768 νὰ
853 3704 932 3770 εἶναι
961 3704 1005 3778 είς
1033 3707 1088 3790 τῆν
1119 3703 1264 3779 ἐξουσίαν
1291 3726 1352 3771 των

71 3837 116 3896 νὰ
131 3827 318 3917 πῃγένουσι,
344 3826 465 3894 ὀπόθεν
482 3829 614 3904 θίλουν,
631 3825 728 3913 ἤγουν
754 3832 792 3912 μὲ
818 3827 896 3891 εἴτι
921 3825 984 3912 ἄρα
1007 3831 1062 3892 καί
1086 3825 1124 3891 ἂν
1149 3827 1271 3912 ἔχουσι,
1295 3832 1352 3893 καί

71 3955 103 4020 εἰ
133 3959 192 4041 μὲν
220 3954 339 4018 θὲλουν
368 3955 450 4025 τινὲς
479 3951 532 4014 διὰ
560 3953 599 4014 νὰ
636 3947 825 4036 ἀπομείνουν
854 3951 898 4024 είς
928 3951 999 4023 τούς
1028 3953 1127 4035 παρόν
1156 3955 1269 4024 τόπους
1296 3957 1354 4016 καί

72 4082 220 4164 ειοίστρα,
249 4080 288 4140 νὰ
318 4075 396 4139 εἶναι
420 4079 476 4138 καί
501 4071 590 4138 αότοί
613 4077 716 4137 πάντα
741 4077 1003 4160 συρπαθῃμὲνοι,
1032 4073 1129 4160 ἤγουν
1160 4072 1221 4139 ἀπὸ
1245 4085 1352 4140 πᾶσαν

69 4203 194 4278 αἰτίαν,
232 4200 262 4265 εἴ
295 4223 323 4264 τι
359 4199 465 4278 ἔγενεν
500 4195 561 4271 ἕως
596 4201 674 4282 πόρι.
710 4197 756 4262 ἔτι
792 4199 827 4261 δὲ
863 4195 975 4285 ὀφείλῃ
1000 4195 1019 4285 ἤ
1046 4195 1198 4262 αόθεντία
1227 4221 1287 4284 μου
1312 4201 1353 4264 νὰ

68 4330 197 4412 στρέψῃ
225 4328 303 4410 πρὸς
333 4321 449 4396 αότοός
478 4326 534 4396 τὰς
563 4319 798 4407 ἐμποδισμένας
829 4325 997 4408 περιοχὰς,
1025 4319 1123 4409 ἤγουν
1152 4319 1197 4396 είς
1225 4325 1264 4387 τὰ
1292 4343 1356 4388 πα-

67 4453 151 4515 λαιὰ
181 4451 298 4533 σύνορα
326 4458 386 4511 τῶν
414 4457 559 4532 ααστρων
591 4441 708 4524 αότῶν,
733 4443 811 4510 ὀποῦ
842 4447 1055 4525 γειτονεύουσι
1084 4451 1122 4531 μὲ
1144 4448 1217 4520 τούς
1241 4449 1356 4520 πόπους

67 4583 129 4660 τῆς
164 4567 337 4644 αόθεντίας
369 4593 429 4656 μου
456 4573 676 4656 πανταχόθεν·
706 4570 761 4633 διὰ
793 4570 963 4652 βεβαίωσιν
990 4573 1047 4632 καί
1077 4568 1263 4656 ἐπεκύρωσεν
1295 4581 1355 4636 τῶν

69 4697 202 4764 ἄνωθεν
227 4697 455 4782 γεγραμμένων
478 4693 662 4780 κεφαλαίων
686 4697 742 4758 καί
765 4690 989 4778 ὀραωμυτυιων
1019 4692 1131 4779 ἔγῃνεν
1158 4690 1235 4780 δὲῆ
1268 4715 1353 4781 παρ-
