3132 5268
521 579 613 648 XLV.
632 579 861 649 6955-1447.
879 601 985 648 mense
1001 580 1077 648 iulio
1093 579 1158 646 ind.
1174 581 1210 646 X.

235 745 400 818 Imperator
426 745 553 801 Ιοοιιιιεε
571 745 767 820 Ραίασοίοριισ
786 757 928 818 ρνοτοραί
946 748 1096 818 ραείίοιισσ
1122 748 1280 802 antor-iores
1304 763 1367 798 ειιιιι
1395 743 1510 800 γειισίίε

666 869 768 942 sactes
782 871 813 924 ι’τι
829 887 922 924 annae
937 872 1069 942 quinque.

250 1092 256 1104 „
321 1018 611 1107 γἸιιοίννης,
650 1018 694 1088 έν
732 1020 913 1106 Χριστῷ
953 1022 1009 1106 τῷ
1046 1020 1139 1106 θεῷ
1173 1023 1339 1094 τιατός
1376 1020 1509 1102 βασι-

234 1145 342 1219 λτιίς
376 1144 455 1212 καὶ
495 1140 801 1232 αὐτοκράτωρ
838 1143 1084 1231 Ῥωμαίων,
1119 1143 1138 1212 ὁ
1171 1143 1508 1224 Παλαιῦλσγος

234 1272 314 1334 καί
349 1267 423 1336 ἀεί
457 1265 730 1348 αἰγοῦστος.
766 1266 834 1336 ἰτεί
857 1265 874 1334 δ
898 1267 1050 1356 ἰτιφανης
1078 1272 1133 1334 καί
1169 1267 1414 1354 ραγαλοτρετής
1446 1275 1508 1352 ιιῦρ

235 1392 463 1479 Φραντζίσκος
490 1391 678 1478 Φοίσκαρις,
712 1395 794 1458 θεοῦ
822 1395 929 1478 χάριτι
951 1393 1026 1468 δοιίξ
1052 1390 1204 1466 Βενετίας
1238 1395 1297 1458 καί
1328 1394 1369 1456 τιί
1398 1391 1506 1468 λοιπὰ,

235 1519 401 1603 γράμμασι
422 1517 594 1602 προσέταξε
617 1515 661 1601 τῷ
684 1513 876 1604 έίηρημένιρ,
902 1511 1022 1608 εῦγενεῖ
1042 1513 1100 1580 καί
1129 1517 1269 1604 φρίνίμρ
1292 1512 1398 1600 ἀνδρί,
1421 1513 1508 1600 κσρῷ

233 1638 381 1724 Νιαρδιιρ
404 1637 512 1724 Μῦρῷ,
538 1635 652 1734 έντίμιρ
675 1643 731 1728 καί
753 1650 917 1727 περιφανεῖ
941 1638 1105 1724 μιταῑοῦλιρ
1129 1635 1164 1704 έν
1184 1648 1224 1725 τῇ
1246 1635 1507 1704 Κωνσταντινοο·

233 1763 327 1831 πόλει
349 1765 406 1827 καί
434 1759 467 1826 έν
494 1763 582 1846 τάση
607 1773 646 1848 τη
671 1761 819 1846 βασύιείη
842 1771 898 1850 τῆς
921 1758 1115 1847 Ῥωμανίας,
1140 1759 1248 1846 ἔχοντι
1275 1757 1387 1845 ἐντελῆ
1415 1757 1505 1834 ieon—

234 1889 307 1950 σίαν
329 1887 386 1950 καί
409 1883 519 1950 ἄδειαν
547 1887 604 1948 καί
632 1881 762 1970 ὁρισμὸν
790 1880 982 1970 τραειταΐααι
1008 1887 1066 1950 καί
1092 1893 1224 1970 ποιῆσαι
1248 1887 1306 1948 καί
1328 1884 1508 1968 βεβαιῶσαι

233 2012 289 2076 καί
322 2009 490 2096 τληρῦσαι
524 2008 639 2094 τρίβος
671 2011 728 2072 καί
762 2009 928 2094 σονθηκοις
962 2011 1019 2080 τὰς
1052 2011 1221 2092 κατιετίριε
1256 2011 1506 2096 γραφησομένας

233 2131 352 2218 μεταξῦ
375 2127 464 2218 ἡμῶν
487 2153 521 2196 τε
551 2134 608 2196 καί
636 2139 691 2216 της
718 2125 875 2218 ἡμετέρας
896 2130 1077 2213 βασιλείας
1110 2133 1169 2196 καί
1193 2136 1251 2196 τοῦ
1276 2133 1507 2216 προειρημένου

233 2261 333 2340 καροῦ
366 2253 484 2326 δοοκῦς
519 2256 575 2319 καί
609 2261 665 2320 τοῦ
692 2257 883 2339 καομοσνίοο
916 2251 1079 2330 Βινετίας,
1113 2253 1231 2346 καθὼς
1263 2253 1417 2342 δηλοῦται
1450 2253 1506 2318 διά

235 2397 319 2452 τινος
345 2381 534 2464 γράμματος
568 2377 721 2447 δοῦκικοῦ
756 2373 853 2465 αἰτοῦ
882 2385 937 2442 τοῦ
966 2376 1140 2464 έτιφανοῦς
1165 2381 1221 2442 καί
1245 2377 1506 2464 μεγαλοπρεποῦς

233 2511 332 2588 κοροῦ
360 2501 476 2578 δοοιιίς
503 2505 560 2566 καί
588 2511 644 2566 τοῦ
670 2506 861 2588 κοσμαονίσο
889 2499 1040 2574 Βενετίας
1073 2504 1349 2590 αατοιχορινμένοο
1383 2502 1504 2586 βοῦλλη

235 2626 404 2712 μολιβδίνη
430 2627 511 2711 μετὰ
537 2629 681 2712 σχοινίου
706 2625 864 2708 καναβίοο
887 2625 1042 2697 δοθέντος
1070 2621 1102 2691 έν
1125 2623 1168 2709 τῷ
1193 2623 1335 2712 δαῦκιιιῷ
1360 2627 1507 2711 ταλατίφ

237 2743 334 2819 αὐτοῦ
362 2757 430 2832 τοῦ
445 2753 636 2836 κοομοονίοο
671 2748 737 2814 έτει
764 2745 827 2816 ἀπὸ
850 2757 909 2834 τϊγς
934 2756 989 2816 τοῦ
1016 2747 1153 2833 Χριστοῦ
1182 2751 1374 2834 σαρκιέατιτς
1400 2749 1509 2836 χιλιο-

237 2872 302 2959 στῷ
324 2871 577 2958 τετρακοσιοστῷ
610 2869 860 2968 τεσσαρακοστῷ
892 2868 991 2954 έκτιρ,
1026 2868 1221 2946 ίνδιιιτιῦνος
1249 2872 1291 2951 θ’,
1325 2869 1430 2960 ἡμέρα
1460 2871 1509 2948 κί’

236 3003 292 3062 τοῦ
317 2997 415 3082 μηνὸς
437 2995 558 3060 ἰοολίοο
581 2999 666 3062 κατὰ
693 2997 729 3060 τό
754 2993 833 3070 ἔθος
862 3003 916 3080 τῆς
948 2993 1111 3074 Βενετίας,
1147 2996 1335 3080 δειχθέντος
1369 2999 1425 3062 καί
1450 2997 1510 3061 δο-

236 3119 351 3192 θέντος
377 3129 415 3206 τη
445 3119 594 3202 βασιλεία
622 3139 697 3204 μοι,
721 3113 823 3204 ἡμεῖς·
839 3115 999 3203 Ἰωάννης,
1024 3113 1056 3183 έν
1080 3117 1204 3202 Χριστῷ
1235 3119 1278 3204 τῷ
1303 3115 1373 3202 θεῷ
1396 3121 1509 3192 τιστός

237 3242 389 3326 βασιλεὺς
417 3246 473 3309 καί
498 3236 705 3326 αἰτοκροίτιιρ
729 3239 909 3325 Ῥωμαίων,
933 3235 950 3306 έ
982 3239 1220 3332 Παλαιολίγος,
1255 3239 1297 3308 δι’
1326 3239 1419 3330 ἡμῶν
1449 3247 1507 3308 καί

237 3377 293 3454 της
322 3366 489 3450 βασιλείας
517 3361 622 3452 ἡμῶν,
658 3364 723 3430 έτει
749 3387 783 3430 τε
810 3374 870 3430 τῶν
898 3364 1106 3456 κληρονόμων
1133 3368 1190 3430 καί
1217 3365 1381 3452 διαδόχων
1405 3362 1507 3454 ἡμῶν,

238 3487 355 3576 ὁμοίως
379 3489 414 3552 δέ
433 3492 493 3554 καί
516 3485 532 3552 ὁ
557 3487 721 3575 εἰρημένος
744 3488 919 3574 μταῖοῦλος
942 3489 1057 3572 δικαίιρ
1078 3485 1138 3554 καὶ
1164 3485 1297 3574 δνόματι
1319 3497 1375 3555 τοῦ
1398 3509 1508 3576 τρασι-

239 3618 376 3702 ρημένοο
404 3609 573 3700 ἐπιφανοῦς
601 3621 699 3698 κοροῦ
727 3613 843 3686 δοοιιός
871 3615 927 3675 καί
954 3620 1009 3676 τοῦ
1038 3617 1228 3698 κοσμοονίοο
1255 3611 1407 3688 Βενετίας
1432 3612 1509 3700 ὑπὲρ

240 3735 365 3824 εἰρήνης
392 3741 448 3800 καί
478 3733 604 3822 ἀγοίτης
632 3733 832 3820 ἑκατέρωθεν
862 3731 1070 3823 ὀφειλομένης
1102 3738 1283 3822 τηρηθῆναι
1315 3735 1373 3802 καί
1400 3739 1509 3826 φιλίας

239 3857 290 3926 έτί
318 3861 353 3925 τό
381 3869 521 3946 κρεῖττον
549 3855 832 3946 αἰξηθησομίνης,
868 3854 1135 3943 ἐπικαλεσάμενοι
1165 3861 1200 3923 τὸ
1224 3856 1327 3945 ὄνομα
1349 3869 1405 3926 τοῦ
1428 3861 1508 3948 Χρι-

239 3991 325 4061 στοῦ,
350 3984 524 4069 σονέβημεν
541 3979 591 4046 έττί
613 3982 748 4058 τούτοις,
774 3979 937 4066 δηλονότι,
959 3977 1013 4044 ἵνα
1038 3976 1099 4044 ἀπὸ
1124 3989 1179 4067 τῆς
1201 3983 1365 4069 ααροιίσης
1387 3979 1509 4070 ἡμέρας

238 4111 295 4171 καί
319 4105 363 4180 εἰς
387 4109 422 4171 τὸ
447 4106 628 4192 ἔμπροσθεν
653 4108 748 4190 μέχρι
771 4107 861 4168 πέντε
885 4097 962 4167 έτῶν
990 4113 1050 4168 τῶν
1078 4101 1190 4192 ἰφεεης
1218 4101 1508 4194 ἀκολουθησῦντων

240 4230 358 4315 μεταξὺ
380 4225 470 4317 ἡμῶν
493 4252 527 4292 τε
556 4231 612 4292 καί
639 4236 695 4313 τῆς
725 4226 889 4311 βασιλείας
923 4222 1011 4313 ἡμῶν
1046 4231 1102 4292 καί
1136 4236 1190 4292 τοῦ
1225 4224 1381 4315 ἡμετέρου
1417 4231 1507 4306 λαοῦ,

240 4353 288 4418 ἔτι
315 4377 348 4418 τε
379 4363 438 4417 τῶν
466 4354 672 4438 κληρονόμων
708 4355 765 4416 καί
798 4350 958 4436 διαδόχων
986 4346 1074 4436 ἡμῶν
1102 4349 1159 4416 καὶ
1188 4348 1286 4418 αἰτοῦ
1310 4361 1365 4418 τοῦ
1389 4355 1507 4442 έτιφα-

239 4486 313 4550 νοῦς
347 4485 444 4561 κοροῦ
479 4477 596 4548 δοοιιός
629 4477 686 4539 καί
713 4481 767 4539 τοῦ
795 4478 985 4559 κσομοονίοο
1019 4471 1169 4548 Βενετίας
1202 4479 1259 4540 καί
1291 4479 1416 4544 πάντων
1448 4489 1507 4542 τῶν

241 4593 498 4682 ὑποτεταγμένων
527 4594 633 4670 αἰτοῖς
662 4597 853 4685 διαμένωσιν
883 4593 914 4658 ἒν
941 4595 1047 4683 ἰσχύει
1074 4601 1130 4661 καί
1153 4594 1243 4685 ἀκμη
1271 4599 1429 4686 εἰλικρινεῖ
1451 4605 1506 4664 καί

241 4720 374 4808 δμονοίφ
397 4723 503 4810 ιρέβαι
527 4720 712 4811 δφείλοοσαι
737 4722 891 4806 διαρκεῖν,
918 4725 1116 4806 στηρίξαντες
1147 4725 1202 4786 καί
1227 4723 1428 4806 βεβαιοῦντες
1451 4727 1506 4810 μί-
