<?xml version="1.0" encoding="UTF-8"?>
<!DOCTYPE html PUBLIC "-//W3C//DTD XHTML 1.0 Transitional//EN"
    "http://www.w3.org/TR/xhtml1/DTD/xhtml1-transitional.dtd">
<html xmlns="http://www.w3.org/1999/xhtml" xml:lang="en" lang="en">
 <head>
  <title>
</title>
<meta http-equiv="Content-Type" content="text/html;charset=utf-8" />
  <meta name='ocr-system' content='tesseract 3.04.00' />
  <meta name='ocr-capabilities' content='ocr_page ocr_carea ocr_par ocr_line ocrx_word'/>
</head>
<body>
  <div class='ocr_page' id='page_1' title='image "./actaetdiplomata03miklgoog_0238.png"; bbox 0 0 3132 5268; ppageno 0'>
   <div class='ocr_carea' id='block_1_1' title="bbox 1255 382 1321 450">
    <p class='ocr_par' dir='ltr' id='par_1_1' title="bbox 1255 382 1321 450">
     <span class='ocr_line' id='line_1_1' title="bbox 1255 382 1321 450; baseline 0.061 -5"><span class='ocrx_word' id='word_1_1' title='bbox 1255 382 1321 450; x_wconf 80' lang='lat'>203</span> 
     </span>
    </p>
   </div>
   <div class='ocr_carea' id='block_1_2' title="bbox 68 580 1445 674">
    <p class='ocr_par' dir='ltr' id='par_1_2' title="bbox 68 580 1445 674">
     <span class='ocr_line' id='line_1_2' title="bbox 68 580 1445 674; baseline -0.004 -24"><span class='ocrx_word' id='word_1_2' title='bbox 68 599 184 652; x_wconf 84' lang='grc' dir='ltr'>ποιεῖται</span> <span class='ocrx_word' id='word_1_3' title='bbox 214 585 359 674; x_wconf 88' lang='grc' dir='ltr'>ἀσμένως</span> <span class='ocrx_word' id='word_1_4' title='bbox 396 585 490 674; x_wconf 78' lang='grc' dir='ltr'>αύτη,</span> <span class='ocrx_word' id='word_1_5' title='bbox 526 584 569 660; x_wconf 77' lang='grc' dir='ltr'>ὡς</span> <span class='ocrx_word' id='word_1_6' title='bbox 597 591 790 674; x_wconf 88' lang='grc' dir='ltr'>προείρηται.</span> <span class='ocrx_word' id='word_1_7' title='bbox 822 585 868 650; x_wconf 82' lang='grc' dir='ltr'>ἔτι</span> <span class='ocrx_word' id='word_1_8' title='bbox 895 582 948 650; x_wconf 80' lang='grc' dir='ltr'>ἵνα</span> <span class='ocrx_word' id='word_1_9' title='bbox 977 583 1093 670; x_wconf 75' lang='grc' dir='ltr'>ἔχωσιν</span> <span class='ocrx_word' id='word_1_10' title='bbox 1129 580 1240 647; x_wconf 76' lang='grc' dir='ltr'>ἄδειαν</span> <span class='ocrx_word' id='word_1_11' title='bbox 1264 583 1322 645; x_wconf 85' lang='grc' dir='ltr'>καί</span> <span class='ocrx_word' id='word_1_12' title='bbox 1440 655 1445 663; x_wconf 45' lang='grc'>,</span> 
     </span>
    </p>
   </div>
   <div class='ocr_carea' id='block_1_3' title="bbox 66 704 1329 3162">
    <p class='ocr_par' dir='ltr' id='par_1_3' title="bbox 66 704 1329 3162">
     <span class='ocr_line' id='line_1_3' title="bbox 68 704 1322 800; baseline -0.005 -26"><span class='ocrx_word' id='word_1_13' title='bbox 68 709 196 786; x_wconf 74' lang='grc' dir='ltr'>ἐξουσίαν</span> <span class='ocrx_word' id='word_1_14' title='bbox 227 711 388 798; x_wconf 89' lang='grc' dir='ltr'>ἀγοράσαι</span> <span class='ocrx_word' id='word_1_15' title='bbox 415 711 578 798; x_wconf 79' lang='grc' dir='ltr'>οἰκήματα</span> <span class='ocrx_word' id='word_1_16' title='bbox 606 717 676 796; x_wconf 86' lang='grc' dir='ltr'>τρία</span> <span class='ocrx_word' id='word_1_17' title='bbox 699 709 719 800; x_wconf 79' lang='grc' dir='ltr'><strong>ἢ</strong></span> <span class='ocrx_word' id='word_1_18' title='bbox 745 709 949 796; x_wconf 78' lang='grc' dir='ltr'>ἀναλώμασιν</span> <span class='ocrx_word' id='word_1_19' title='bbox 982 707 1077 781; x_wconf 84' lang='grc' dir='ltr'>ἰδίοις</span> <span class='ocrx_word' id='word_1_20' title='bbox 1110 704 1322 789; x_wconf 81' lang='grc' dir='ltr'>ἀνοικοδομη-</span> 
     </span>
     <span class='ocr_line' id='line_1_4' title="bbox 69 829 1322 925; baseline -0.006 -27"><span class='ocrx_word' id='word_1_21' title='bbox 69 859 112 898; x_wconf 84' lang='grc' dir='ltr'>ται</span> <span class='ocrx_word' id='word_1_22' title='bbox 133 833 164 902; x_wconf 82' lang='grc' dir='ltr'>ὲν</span> <span class='ocrx_word' id='word_1_23' title='bbox 188 850 228 923; x_wconf 87' lang='grc' dir='ltr'>τη</span> <span class='ocrx_word' id='word_1_24' title='bbox 256 841 470 924; x_wconf 88' lang='grc' dir='ltr'>προειρημένη</span> <span class='ocrx_word' id='word_1_25' title='bbox 499 837 728 925; x_wconf 80' lang='grc' dir='ltr'>δευφροορητιρ</span> <span class='ocrx_word' id='word_1_26' title='bbox 756 837 812 900; x_wconf 87' lang='grc' dir='ltr'>καί</span> <span class='ocrx_word' id='word_1_27' title='bbox 840 833 1045 918; x_wconf 75' lang='grc' dir='ltr'>δεοδοξάστιρ</span> <span class='ocrx_word' id='word_1_28' title='bbox 1068 831 1160 896; x_wconf 85' lang='grc' dir='ltr'>πόλει</span> <span class='ocrx_word' id='word_1_29' title='bbox 1182 839 1237 916; x_wconf 78' lang='grc' dir='ltr'>τῆς</span> <span class='ocrx_word' id='word_1_30' title='bbox 1262 829 1322 912; x_wconf 88' lang='grc' dir='ltr'>βα-</span> 
     </span>
     <span class='ocr_line' id='line_1_5' title="bbox 68 951 1325 1048; baseline -0.005 -24"><span class='ocrx_word' id='word_1_31' title='bbox 68 963 176 1034; x_wconf 79' lang='grc' dir='ltr'>σιλείας</span> <span class='ocrx_word' id='word_1_32' title='bbox 200 983 274 1047; x_wconf 84' lang='grc' dir='ltr'>μου,</span> <span class='ocrx_word' id='word_1_33' title='bbox 309 973 347 1048; x_wconf 81' lang='grc' dir='ltr'>τη</span> <span class='ocrx_word' id='word_1_34' title='bbox 369 961 716 1038; x_wconf 83' lang='grc' dir='ltr'>Κωνσταντινουπόλει,</span> <span class='ocrx_word' id='word_1_35' title='bbox 752 957 828 1045; x_wconf 84' lang='grc' dir='ltr'>ύπέρ</span> <span class='ocrx_word' id='word_1_36' title='bbox 852 957 1060 1032; x_wconf 86' lang='grc' dir='ltr'>ἀναπαύσεως</span> <span class='ocrx_word' id='word_1_37' title='bbox 1084 959 1140 1021; x_wconf 86' lang='grc' dir='ltr'>καὶ</span> <span class='ocrx_word' id='word_1_38' title='bbox 1163 951 1325 1040; x_wconf 72' lang='grc' dir='ltr'><strong>ὑποδοχῆς</strong></span> 
     </span>
     <span class='ocr_line' id='line_1_6' title="bbox 68 1073 1324 1173; baseline -0.003 -24"><span class='ocrx_word' id='word_1_39' title='bbox 68 1097 118 1149; x_wconf 81' lang='grc' dir='ltr'>τών</span> <span class='ocrx_word' id='word_1_40' title='bbox 139 1087 274 1151; x_wconf 81' lang='grc' dir='ltr'>πολιτῶν</span> <span class='ocrx_word' id='word_1_41' title='bbox 297 1089 354 1153; x_wconf 84' lang='grc' dir='ltr'>καί</span> <span class='ocrx_word' id='word_1_42' title='bbox 376 1095 624 1173; x_wconf 84' lang='grc' dir='ltr'>πραγματεοτών</span> <span class='ocrx_word' id='word_1_43' title='bbox 654 1081 756 1150; x_wconf 83' lang='grc' dir='ltr'>αότών</span> <span class='ocrx_word' id='word_1_44' title='bbox 780 1093 840 1148; x_wconf 84' lang='grc' dir='ltr'>τών</span> <span class='ocrx_word' id='word_1_45' title='bbox 868 1083 973 1148; x_wconf 86' lang='grc' dir='ltr'>έκεῖσε</span> <span class='ocrx_word' id='word_1_46' title='bbox 1000 1085 1086 1148; x_wconf 86' lang='grc' dir='ltr'>κατὰ</span> <span class='ocrx_word' id='word_1_47' title='bbox 1114 1079 1246 1166; x_wconf 87' lang='grc' dir='ltr'>καιρούς</span> <span class='ocrx_word' id='word_1_48' title='bbox 1271 1073 1324 1146; x_wconf 89' lang='grc' dir='ltr'>τύ·</span> 
     </span>
     <span class='ocr_line' id='line_1_7' title="bbox 68 1203 1323 1299; baseline -0.003 -24"><span class='ocrx_word' id='word_1_49' title='bbox 68 1217 259 1298; x_wconf 77' lang='grc' dir='ltr'>μαιομένων.</span> <span class='ocrx_word' id='word_1_50' title='bbox 289 1215 404 1299; x_wconf 88' lang='grc' dir='ltr'>ταύτην</span> <span class='ocrx_word' id='word_1_51' title='bbox 434 1215 491 1298; x_wconf 86' lang='grc' dir='ltr'>μέν</span> <span class='ocrx_word' id='word_1_52' title='bbox 526 1207 580 1276; x_wconf 91' lang='grc' dir='ltr'>σύν</span> <span class='ocrx_word' id='word_1_53' title='bbox 610 1213 664 1298; x_wconf 76' lang='grc' dir='ltr'>τὴν</span> <span class='ocrx_word' id='word_1_54' title='bbox 692 1209 803 1276; x_wconf 85' lang='grc' dir='ltr'>ἀδειαν</span> <span class='ocrx_word' id='word_1_55' title='bbox 830 1217 885 1276; x_wconf 81' lang='grc' dir='ltr'>τοῦ</span> <span class='ocrx_word' id='word_1_56' title='bbox 920 1207 1079 1294; x_wconf 74' lang='grc' dir='ltr'>ἀγοράσαι</span> <span class='ocrx_word' id='word_1_57' title='bbox 1106 1206 1127 1294; x_wconf 78' lang='grc' dir='ltr'><strong>ἢ</strong></span> <span class='ocrx_word' id='word_1_58' title='bbox 1155 1203 1323 1272; x_wconf 87' lang='grc' dir='ltr'>ἀνοικοδο-</span> 
     </span>
     <span class='ocr_line' id='line_1_8' title="bbox 69 1327 1324 1423; baseline -0.003 -23"><span class='ocrx_word' id='word_1_59' title='bbox 69 1347 158 1420; x_wconf 75' lang='grc' dir='ltr'>μῆσαι</span> <span class='ocrx_word' id='word_1_60' title='bbox 192 1340 231 1401; x_wconf 87' lang='grc' dir='ltr'>τότ</span> <span class='ocrx_word' id='word_1_61' title='bbox 268 1337 420 1423; x_wconf 73' lang='grc' dir='ltr'>εἰρημένα</span> <span class='ocrx_word' id='word_1_62' title='bbox 454 1341 524 1423; x_wconf 89' lang='grc' dir='ltr'>τρία</span> <span class='ocrx_word' id='word_1_63' title='bbox 560 1334 721 1422; x_wconf 79' lang='grc' dir='ltr'>οἰκήματα</span> <span class='ocrx_word' id='word_1_64' title='bbox 751 1335 895 1422; x_wconf 84' lang='grc' dir='ltr'>δωρεῖται</span> <span class='ocrx_word' id='word_1_65' title='bbox 928 1329 949 1420; x_wconf 84' lang='grc' dir='ltr'>ἡ</span> <span class='ocrx_word' id='word_1_66' title='bbox 986 1333 1134 1417; x_wconf 89' lang='grc' dir='ltr'>βασιλεία</span> <span class='ocrx_word' id='word_1_67' title='bbox 1170 1353 1245 1417; x_wconf 89' lang='grc' dir='ltr'>μου,</span> <span class='ocrx_word' id='word_1_68' title='bbox 1281 1327 1324 1404; x_wconf 79' lang='grc' dir='ltr'>ως</span> 
     </span>
     <span class='ocr_line' id='line_1_9' title="bbox 68 1455 1326 1548; baseline -0.004 -24"><span class='ocrx_word' id='word_1_69' title='bbox 68 1467 253 1548; x_wconf 90' lang='grc' dir='ltr'>προείρηται,</span> <span class='ocrx_word' id='word_1_70' title='bbox 291 1473 329 1548; x_wconf 85' lang='grc' dir='ltr'>τη</span> <span class='ocrx_word' id='word_1_71' title='bbox 368 1459 517 1548; x_wconf 75' lang='grc' dir='ltr'>εἰρημένῃ</span> <span class='ocrx_word' id='word_1_72' title='bbox 557 1461 792 1546; x_wconf 75' lang='grc' dir='ltr'>μεγαλοπρεπεῖ</span> <span class='ocrx_word' id='word_1_73' title='bbox 828 1461 989 1546; x_wconf 86' lang='grc' dir='ltr'>καινότητι</span> <span class='ocrx_word' id='word_1_74' title='bbox 1027 1467 1083 1545; x_wconf 79' lang='grc' dir='ltr'>τῆς</span> <span class='ocrx_word' id='word_1_75' title='bbox 1121 1455 1326 1543; x_wconf 86' lang='grc' dir='ltr'>Φλωρεντίας</span> 
     </span>
     <span class='ocr_line' id='line_1_10' title="bbox 68 1579 1326 1670; baseline -0.004 -22"><span class='ocrx_word' id='word_1_76' title='bbox 68 1589 142 1649; x_wconf 80' lang='grc' dir='ltr'>κατὰ</span> <span class='ocrx_word' id='word_1_77' title='bbox 177 1589 212 1650; x_wconf 89' lang='grc' dir='ltr'>τό</span> <span class='ocrx_word' id='word_1_78' title='bbox 246 1587 361 1670; x_wconf 85' lang='grc' dir='ltr'>παρόν,</span> <span class='ocrx_word' id='word_1_79' title='bbox 396 1589 510 1670; x_wconf 88' lang='grc' dir='ltr'>καίπερ</span> <span class='ocrx_word' id='word_1_80' title='bbox 545 1579 578 1648; x_wconf 79' lang='grc' dir='ltr'>ἰν</span> <span class='ocrx_word' id='word_1_81' title='bbox 608 1595 671 1658; x_wconf 91' lang='grc' dir='ltr'>τοῖς</span> <span class='ocrx_word' id='word_1_82' title='bbox 699 1583 852 1656; x_wconf 79' lang='grc' dir='ltr'>τοιούτοις</span> <span class='ocrx_word' id='word_1_83' title='bbox 877 1586 1078 1668; x_wconf 73' lang='grc' dir='ltr'>ποιησαμένη</span> <span class='ocrx_word' id='word_1_84' title='bbox 1107 1584 1164 1645; x_wconf 86' lang='grc' dir='ltr'>καί</span> <span class='ocrx_word' id='word_1_85' title='bbox 1190 1588 1326 1644; x_wconf 86' lang='grc' dir='ltr'>ποιοῦσα</span> 
     </span>
     <span class='ocr_line' id='line_1_11' title="bbox 68 1703 1326 1796; baseline -0.001 -27"><span class='ocrx_word' id='word_1_86' title='bbox 68 1709 258 1795; x_wconf 79' lang='grc' dir='ltr'>δυσχέρειαν,</span> <span class='ocrx_word' id='word_1_87' title='bbox 282 1707 335 1774; x_wconf 80' lang='grc' dir='ltr'>ἵνα</span> <span class='ocrx_word' id='word_1_88' title='bbox 359 1709 402 1795; x_wconf 76' lang='grc' dir='ltr'>μὴ</span> <span class='ocrx_word' id='word_1_89' title='bbox 427 1707 481 1796; x_wconf 72' lang='grc' dir='ltr'>έξη</span> <span class='ocrx_word' id='word_1_90' title='bbox 510 1712 608 1785; x_wconf 74' lang='grc' dir='ltr'>ξένοις</span> <span class='ocrx_word' id='word_1_91' title='bbox 636 1707 838 1794; x_wconf 80' lang='grc' dir='ltr'>οἰυτσδήποτε</span> <span class='ocrx_word' id='word_1_92' title='bbox 867 1705 1037 1792; x_wconf 72' lang='grc' dir='ltr'>ἀγοράζειν</span> <span class='ocrx_word' id='word_1_93' title='bbox 1060 1703 1080 1793; x_wconf 80' lang='grc' dir='ltr'><strong>ἦ</strong></span> <span class='ocrx_word' id='word_1_94' title='bbox 1105 1703 1326 1790; x_wconf 85' lang='grc' dir='ltr'>ἀνοικοδομεῖν</span> 
     </span>
     <span class='ocr_line' id='line_1_12' title="bbox 70 1827 1324 1920; baseline -0.003 -24"><span class='ocrx_word' id='word_1_95' title='bbox 70 1833 222 1920; x_wconf 81' lang='grc' dir='ltr'>οἰκήματα</span> <span class='ocrx_word' id='word_1_96' title='bbox 247 1831 279 1897; x_wconf 81' lang='grc' dir='ltr'>ἐν</span> <span class='ocrx_word' id='word_1_97' title='bbox 303 1845 341 1920; x_wconf 83' lang='grc' dir='ltr'>τη</span> <span class='ocrx_word' id='word_1_98' title='bbox 364 1837 577 1920; x_wconf 76' lang='grc' dir='ltr'>προειρημένη</span> <span class='ocrx_word' id='word_1_99' title='bbox 600 1833 691 1897; x_wconf 85' lang='grc' dir='ltr'>πόλει</span> <span class='ocrx_word' id='word_1_100' title='bbox 714 1841 769 1918; x_wconf 82' lang='grc' dir='ltr'>τῆς</span> <span class='ocrx_word' id='word_1_101' title='bbox 794 1831 957 1916; x_wconf 79' lang='grc' dir='ltr'>βασιλείας</span> <span class='ocrx_word' id='word_1_102' title='bbox 982 1851 1058 1916; x_wconf 87' lang='grc' dir='ltr'>μου,</span> <span class='ocrx_word' id='word_1_103' title='bbox 1090 1840 1128 1916; x_wconf 84' lang='grc' dir='ltr'>τη</span> <span class='ocrx_word' id='word_1_104' title='bbox 1151 1827 1324 1895; x_wconf 82' lang='grc' dir='ltr'>Κωνσταν-</span> 
     </span>
     <span class='ocr_line' id='line_1_13' title="bbox 69 1951 1324 2042; baseline -0.004 -21"><span class='ocrx_word' id='word_1_105' title='bbox 69 1959 248 2040; x_wconf 85' lang='grc' dir='ltr'>τινουπόλει,</span> <span class='ocrx_word' id='word_1_106' title='bbox 286 1953 345 2022; x_wconf 83' lang='grc' dir='ltr'>ούκ</span> <span class='ocrx_word' id='word_1_107' title='bbox 381 1955 545 2024; x_wconf 75' lang='grc' dir='ltr'>ἀποκλείει</span> <span class='ocrx_word' id='word_1_108' title='bbox 579 1957 615 2022; x_wconf 86' lang='grc' dir='ltr'>δέ</span> <span class='ocrx_word' id='word_1_109' title='bbox 643 1955 688 2030; x_wconf 85' lang='grc' dir='ltr'>εἰς</span> <span class='ocrx_word' id='word_1_110' title='bbox 716 1957 751 2020; x_wconf 86' lang='grc' dir='ltr'>τό</span> <span class='ocrx_word' id='word_1_111' title='bbox 781 1957 897 2042; x_wconf 86' lang='grc' dir='ltr'>μέλλον</span> <span class='ocrx_word' id='word_1_112' title='bbox 932 1957 1017 2020; x_wconf 81' lang='grc' dir='ltr'>κατὰ</span> <span class='ocrx_word' id='word_1_113' title='bbox 1051 1954 1106 2040; x_wconf 80' lang='grc' dir='ltr'>την</span> <span class='ocrx_word' id='word_1_114' title='bbox 1140 1964 1248 2040; x_wconf 80' lang='grc' dir='ltr'>χρείαν</span> <span class='ocrx_word' id='word_1_115' title='bbox 1281 1951 1324 2038; x_wconf 82' lang='grc' dir='ltr'><strong>μή</strong></span> 
     </span>
     <span class='ocr_line' id='line_1_14' title="bbox 68 2077 1325 2168; baseline -0.002 -23"><span class='ocrx_word' id='word_1_116' title='bbox 68 2084 167 2148; x_wconf 77' lang='grc' dir='ltr'>δοῦναι</span> <span class='ocrx_word' id='word_1_117' title='bbox 195 2081 306 2148; x_wconf 77' lang='grc' dir='ltr'>ἄδειαν</span> <span class='ocrx_word' id='word_1_118' title='bbox 340 2087 396 2147; x_wconf 87' lang='grc' dir='ltr'>καῖ</span> <span class='ocrx_word' id='word_1_119' title='bbox 418 2084 515 2148; x_wconf 86' lang='grc' dir='ltr'>πλείω</span> <span class='ocrx_word' id='word_1_120' title='bbox 540 2083 656 2147; x_wconf 93' lang='grc' dir='ltr'>τούτων</span> <span class='ocrx_word' id='word_1_121' title='bbox 681 2077 842 2168; x_wconf 76' lang='grc' dir='ltr'>ἀγοράσαι</span> <span class='ocrx_word' id='word_1_122' title='bbox 863 2077 884 2168; x_wconf 73' lang='grc' dir='ltr'><strong>ἢ</strong></span> <span class='ocrx_word' id='word_1_123' title='bbox 909 2079 1178 2166; x_wconf 77' lang='grc' dir='ltr'>ἀνοικοδομῆσαι,</span> <span class='ocrx_word' id='word_1_124' title='bbox 1213 2079 1325 2143; x_wconf 82' lang='grc' dir='ltr'>καδά-</span> 
     </span>
     <span class='ocr_line' id='line_1_15' title="bbox 68 2199 1328 2294; baseline -0.002 -26"><span class='ocrx_word' id='word_1_125' title='bbox 68 2227 117 2292; x_wconf 89' lang='grc' dir='ltr'>περ</span> <span class='ocrx_word' id='word_1_126' title='bbox 144 2219 182 2294; x_wconf 67' lang='grc' dir='ltr'>τῇ</span> <span class='ocrx_word' id='word_1_127' title='bbox 213 2207 362 2290; x_wconf 77' lang='grc' dir='ltr'>βασιλεία</span> <span class='ocrx_word' id='word_1_128' title='bbox 397 2227 457 2291; x_wconf 88' lang='grc' dir='ltr'>μου</span> <span class='ocrx_word' id='word_1_129' title='bbox 491 2203 576 2280; x_wconf 74' lang='grc' dir='ltr'>δόξει</span> <span class='ocrx_word' id='word_1_130' title='bbox 611 2202 785 2284; x_wconf 80' lang='grc' dir='ltr'>ἀναγκαῖον</span> <span class='ocrx_word' id='word_1_131' title='bbox 821 2201 889 2290; x_wconf 79' lang='grc' dir='ltr'>ἅμα</span> <span class='ocrx_word' id='word_1_132' title='bbox 916 2207 973 2270; x_wconf 89' lang='grc' dir='ltr'>καί</span> <span class='ocrx_word' id='word_1_133' title='bbox 998 2213 1169 2291; x_wconf 82' lang='grc' dir='ltr'>προσῆκον.</span> <span class='ocrx_word' id='word_1_134' title='bbox 1199 2201 1246 2267; x_wconf 80' lang='grc' dir='ltr'>ἰτι</span> <span class='ocrx_word' id='word_1_135' title='bbox 1275 2199 1328 2266; x_wconf 75' lang='grc' dir='ltr'>ἵνα</span> 
     </span>
     <span class='ocr_line' id='line_1_16' title="bbox 68 2323 1329 2416; baseline -0.002 -24"><span class='ocrx_word' id='word_1_136' title='bbox 68 2327 109 2393; x_wconf 79' lang='grc' dir='ltr'>ἐπὶ</span> <span class='ocrx_word' id='word_1_137' title='bbox 134 2341 213 2395; x_wconf 81' lang='grc' dir='ltr'>πᾶσι</span> <span class='ocrx_word' id='word_1_138' title='bbox 240 2331 364 2402; x_wconf 78' lang='grc' dir='ltr'>τούτοις</span> <span class='ocrx_word' id='word_1_139' title='bbox 398 2328 499 2415; x_wconf 74' lang='grc' dir='ltr'>ἔχωσι</span> <span class='ocrx_word' id='word_1_140' title='bbox 527 2329 648 2413; x_wconf 89' lang='grc' dir='ltr'>σάλβον</span> <span class='ocrx_word' id='word_1_141' title='bbox 681 2329 874 2394; x_wconf 83' lang='grc' dir='ltr'>κονδοόκτον</span> <span class='ocrx_word' id='word_1_142' title='bbox 902 2329 1020 2416; x_wconf 76' lang='grc' dir='ltr'>πλῆρες</span> <span class='ocrx_word' id='word_1_143' title='bbox 1048 2329 1103 2392; x_wconf 88' lang='grc' dir='ltr'>καί</span> <span class='ocrx_word' id='word_1_144' title='bbox 1130 2326 1276 2416; x_wconf 85' lang='grc' dir='ltr'>διηνεκές</span> <span class='ocrx_word' id='word_1_145' title='bbox 1299 2323 1329 2390; x_wconf 87' lang='grc' dir='ltr'>σί</span> 
     </span>
     <span class='ocr_line' id='line_1_17' title="bbox 68 2449 1323 2540; baseline -0.001 -23"><span class='ocrx_word' id='word_1_146' title='bbox 68 2451 123 2518; x_wconf 78' lang='grc' dir='ltr'>ἐκεῖ</span> <span class='ocrx_word' id='word_1_147' title='bbox 156 2451 359 2539; x_wconf 85' lang='grc' dir='ltr'>έλευσόμενοι</span> <span class='ocrx_word' id='word_1_148' title='bbox 385 2451 625 2540; x_wconf 85' lang='grc' dir='ltr'>πραγματευταί</span> <span class='ocrx_word' id='word_1_149' title='bbox 650 2455 707 2518; x_wconf 91' lang='grc' dir='ltr'>καί</span> <span class='ocrx_word' id='word_1_150' title='bbox 734 2454 860 2517; x_wconf 89' lang='grc' dir='ltr'>πολῖται</span> <span class='ocrx_word' id='word_1_151' title='bbox 888 2449 992 2518; x_wconf 77' lang='grc' dir='ltr'>αὐτῶν</span> <span class='ocrx_word' id='word_1_152' title='bbox 1016 2451 1077 2518; x_wconf 84' lang='grc' dir='ltr'>ἀπό</span> <span class='ocrx_word' id='word_1_153' title='bbox 1105 2453 1222 2526; x_wconf 89' lang='grc' dir='ltr'>παντός</span> <span class='ocrx_word' id='word_1_154' title='bbox 1245 2473 1323 2538; x_wconf 82' lang='grc' dir='ltr'>σομ·</span> 
     </span>
     <span class='ocr_line' id='line_1_18' title="bbox 66 2573 1327 2664; baseline -0.002 -23"><span class='ocrx_word' id='word_1_155' title='bbox 66 2581 222 2664; x_wconf 79' lang='grc' dir='ltr'>πτώματος</span> <span class='ocrx_word' id='word_1_156' title='bbox 249 2585 413 2664; x_wconf 84' lang='grc' dir='ltr'>καιρικοῦ,</span> <span class='ocrx_word' id='word_1_157' title='bbox 447 2577 527 2664; x_wconf 79' lang='grc' dir='ltr'>πλὴν</span> <span class='ocrx_word' id='word_1_158' title='bbox 563 2579 673 2664; x_wconf 86' lang='grc' dir='ltr'>μάχης</span> <span class='ocrx_word' id='word_1_159' title='bbox 705 2577 890 2664; x_wconf 80' lang='grc' dir='ltr'>καθολικῆς</span> <span class='ocrx_word' id='word_1_160' title='bbox 924 2573 944 2664; x_wconf 79' lang='grc' dir='ltr'><strong>ἦ</strong></span> <span class='ocrx_word' id='word_1_161' title='bbox 980 2577 1103 2663; x_wconf 86' lang='grc' dir='ltr'>βλάβης</span> <span class='ocrx_word' id='word_1_162' title='bbox 1137 2578 1236 2654; x_wconf 86' lang='grc' dir='ltr'>τινός,</span> <span class='ocrx_word' id='word_1_163' title='bbox 1272 2573 1327 2639; x_wconf 86' lang='grc' dir='ltr'>έάν</span> 
     </span>
     <span class='ocr_line' id='line_1_19' title="bbox 66 2697 1324 2790; baseline -0.002 -26"><span class='ocrx_word' id='word_1_164' title='bbox 66 2722 129 2767; x_wconf 88' lang='grc' dir='ltr'>ποτε</span> <span class='ocrx_word' id='word_1_165' title='bbox 165 2704 271 2789; x_wconf 83' lang='grc' dir='ltr'>συμβη</span> <span class='ocrx_word' id='word_1_166' title='bbox 308 2703 461 2781; x_wconf 73' lang='grc' dir='ltr'>γενέσθαι</span> <span class='ocrx_word' id='word_1_167' title='bbox 496 2701 612 2788; x_wconf 70' lang='grc' dir='ltr'>μεταξύ</span> <span class='ocrx_word' id='word_1_168' title='bbox 639 2697 729 2788; x_wconf 77' lang='grc' dir='ltr'>ἡμῶν</span> <span class='ocrx_word' id='word_1_169' title='bbox 760 2706 816 2766; x_wconf 88' lang='grc' dir='ltr'>καί</span> <span class='ocrx_word' id='word_1_170' title='bbox 844 2709 900 2788; x_wconf 85' lang='grc' dir='ltr'>τῆς</span> <span class='ocrx_word' id='word_1_171' title='bbox 927 2700 1096 2790; x_wconf 88' lang='grc' dir='ltr'>εἰρημένης</span> <span class='ocrx_word' id='word_1_172' title='bbox 1130 2705 1324 2790; x_wconf 90' lang='grc' dir='ltr'>κοινότητος,</span> 
     </span>
     <span class='ocr_line' id='line_1_20' title="bbox 67 2822 1327 2916; baseline 0.003 -28"><span class='ocrx_word' id='word_1_173' title='bbox 67 2836 154 2891; x_wconf 80' lang='grc' dir='ltr'>ταῦτα</span> <span class='ocrx_word' id='word_1_174' title='bbox 182 2829 286 2892; x_wconf 85' lang='grc' dir='ltr'>πάντα</span> <span class='ocrx_word' id='word_1_175' title='bbox 313 2827 459 2912; x_wconf 87' lang='grc' dir='ltr'>δωρεῖται</span> <span class='ocrx_word' id='word_1_176' title='bbox 482 2822 502 2913; x_wconf 74' lang='grc' dir='ltr'>ἡ</span> <span class='ocrx_word' id='word_1_177' title='bbox 527 2825 675 2910; x_wconf 89' lang='grc' dir='ltr'>βασιλεία</span> <span class='ocrx_word' id='word_1_178' title='bbox 700 2847 760 2911; x_wconf 92' lang='grc' dir='ltr'>μου</span> <span class='ocrx_word' id='word_1_179' title='bbox 783 2837 822 2914; x_wconf 85' lang='grc' dir='ltr'>τη</span> <span class='ocrx_word' id='word_1_180' title='bbox 845 2831 1059 2914; x_wconf 83' lang='grc' dir='ltr'>προειρημένη</span> <span class='ocrx_word' id='word_1_181' title='bbox 1087 2841 1249 2916; x_wconf 78' lang='grc' dir='ltr'>περιφανεῖ</span> <span class='ocrx_word' id='word_1_182' title='bbox 1272 2837 1327 2916; x_wconf 76' lang='grc' dir='ltr'>τῆς</span> 
     </span>
     <span class='ocr_line' id='line_1_21' title="bbox 67 2948 1327 3038; baseline 0.001 -23"><span class='ocrx_word' id='word_1_183' title='bbox 67 2949 260 3037; x_wconf 85' lang='grc' dir='ltr'>Φλωρεντίας</span> <span class='ocrx_word' id='word_1_184' title='bbox 288 2953 448 3038; x_wconf 74' lang='grc' dir='ltr'>κοινότητα</span> <span class='ocrx_word' id='word_1_185' title='bbox 475 2953 533 3015; x_wconf 88' lang='grc' dir='ltr'>καί</span> <span class='ocrx_word' id='word_1_186' title='bbox 558 2951 825 3038; x_wconf 79' lang='grc' dir='ltr'>προσδιορίζεται,</span> <span class='ocrx_word' id='word_1_187' title='bbox 853 2949 906 3016; x_wconf 80' lang='grc' dir='ltr'>ἵνα</span> <span class='ocrx_word' id='word_1_188' title='bbox 934 2953 1005 3016; x_wconf 88' lang='grc' dir='ltr'>τότε</span> <span class='ocrx_word' id='word_1_189' title='bbox 1034 2948 1109 3017; x_wconf 82' lang='grc' dir='ltr'>ώσιν</span> <span class='ocrx_word' id='word_1_190' title='bbox 1133 2949 1248 3038; x_wconf 75' lang='grc' dir='ltr'>ἐνεργὰ</span> <span class='ocrx_word' id='word_1_191' title='bbox 1271 2949 1327 3017; x_wconf 81' lang='grc' dir='ltr'>καὶ</span> 
     </span>
     <span class='ocr_line' id='line_1_22' title="bbox 68 3071 1325 3162; baseline 0.005 -26"><span class='ocrx_word' id='word_1_192' title='bbox 68 3074 159 3160; x_wconf 74' lang='grc' dir='ltr'>ἔχωσι</span> <span class='ocrx_word' id='word_1_193' title='bbox 182 3079 300 3162; x_wconf 89' lang='grc' dir='ltr'>χώραν,</span> <span class='ocrx_word' id='word_1_194' title='bbox 325 3071 401 3140; x_wconf 87' lang='grc' dir='ltr'>όταν</span> <span class='ocrx_word' id='word_1_195' title='bbox 424 3071 444 3162; x_wconf 81' lang='grc' dir='ltr'>ἡ</span> <span class='ocrx_word' id='word_1_196' title='bbox 468 3077 686 3162; x_wconf 81' lang='grc' dir='ltr'>προρρηθεῖσα</span> <span class='ocrx_word' id='word_1_197' title='bbox 707 3076 881 3162; x_wconf 81' lang='grc' dir='ltr'>περιφανὴς</span> <span class='ocrx_word' id='word_1_198' title='bbox 905 3083 961 3162; x_wconf 81' lang='grc' dir='ltr'>τῆς</span> <span class='ocrx_word' id='word_1_199' title='bbox 984 3073 1187 3162; x_wconf 85' lang='grc' dir='ltr'>Φλωρεντίας</span> <span class='ocrx_word' id='word_1_200' title='bbox 1217 3081 1325 3142; x_wconf 89' lang='grc' dir='ltr'>κυινό·</span> 
     </span>
    </p>
   </div>
   <div class='ocr_carea' id='block_1_4' title="bbox 67 3176 1323 3289">
    <p class='ocr_par' dir='ltr' id='par_1_4' title="bbox 67 3176 1323 3289">
     <span class='ocr_line' id='line_1_23' title="bbox 67 3176 1323 3289; baseline 0.004 -29"><span class='ocrx_word' id='word_1_201' title='bbox 67 3221 114 3284; x_wconf 81' lang='grc' dir='ltr'>της</span> <span class='ocrx_word' id='word_1_202' title='bbox 134 3205 254 3289; x_wconf 81' lang='grc' dir='ltr'>ποιὴση</span> <span class='ocrx_word' id='word_1_203' title='bbox 284 3223 316 3266; x_wconf 87' lang='grc' dir='ltr'>τε</span> <span class='ocrx_word' id='word_1_204' title='bbox 339 3205 396 3266; x_wconf 87' lang='grc' dir='ltr'>καί</span> <span class='ocrx_word' id='word_1_205' title='bbox 418 3201 583 3287; x_wconf 90' lang='grc' dir='ltr'>πληρώση,</span> <span class='ocrx_word' id='word_1_206' title='bbox 608 3176 670 3265; x_wconf 73' lang='grc' dir='ltr'>ὅσα</span> <span class='ocrx_word' id='word_1_207' title='bbox 699 3197 843 3286; x_wconf 82' lang='grc' dir='ltr'>ἀνωτέρω</span> <span class='ocrx_word' id='word_1_208' title='bbox 871 3201 1075 3288; x_wconf 75' lang='grc' dir='ltr'>διασαφεῖται</span> <span class='ocrx_word' id='word_1_209' title='bbox 1098 3205 1154 3267; x_wconf 90' lang='grc' dir='ltr'>καί</span> <span class='ocrx_word' id='word_1_210' title='bbox 1177 3207 1323 3288; x_wconf 85' lang='grc' dir='ltr'>περιέχε-</span> 
     </span>
    </p>
   </div>
   <div class='ocr_carea' id='block_1_5' title="bbox 66 3321 1336 4914">
    <p class='ocr_par' dir='ltr' id='par_1_5' title="bbox 66 3321 1336 4914">
     <span class='ocr_line' id='line_1_24' title="bbox 68 3321 1325 3412; baseline 0.004 -28"><span class='ocrx_word' id='word_1_211' title='bbox 68 3345 125 3403; x_wconf 85' lang='grc' dir='ltr'>ται,</span> <span class='ocrx_word' id='word_1_212' title='bbox 159 3324 224 3390; x_wconf 88' lang='grc' dir='ltr'>οίον</span> <span class='ocrx_word' id='word_1_213' title='bbox 256 3322 331 3392; x_wconf 86' lang='grc' dir='ltr'>όταν</span> <span class='ocrx_word' id='word_1_214' title='bbox 368 3323 554 3410; x_wconf 85' lang='grc' dir='ltr'>ἀνεγείρωσι</span> <span class='ocrx_word' id='word_1_215' title='bbox 582 3325 715 3400; x_wconf 75' lang='grc' dir='ltr'>λόντζαν</span> <span class='ocrx_word' id='word_1_216' title='bbox 746 3321 803 3389; x_wconf 84' lang='grc' dir='ltr'>καὶ</span> <span class='ocrx_word' id='word_1_217' title='bbox 837 3327 1097 3412; x_wconf 74' lang='grc' dir='ltr'>καταστήσαντες</span> <span class='ocrx_word' id='word_1_218' title='bbox 1131 3325 1325 3391; x_wconf 89' lang='grc' dir='ltr'>κυύνσυυλον</span> 
     </span>
     <span class='ocr_line' id='line_1_25' title="bbox 68 3445 1326 3536; baseline 0.005 -28"><span class='ocrx_word' id='word_1_219' title='bbox 68 3450 219 3515; x_wconf 83' lang='grc' dir='ltr'>ατείλωσιν</span> <span class='ocrx_word' id='word_1_220' title='bbox 249 3447 315 3514; x_wconf 79' lang='grc' dir='ltr'>ἐκεῖ</span> <span class='ocrx_word' id='word_1_221' title='bbox 341 3453 427 3514; x_wconf 81' lang='grc' dir='ltr'>κατὰ</span> <span class='ocrx_word' id='word_1_222' title='bbox 455 3451 507 3514; x_wconf 88' lang='grc' dir='ltr'>τόν</span> <span class='ocrx_word' id='word_1_223' title='bbox 535 3451 799 3536; x_wconf 86' lang='grc' dir='ltr'>διεοκρινηδέντσι</span> <span class='ocrx_word' id='word_1_224' title='bbox 827 3445 972 3536; x_wconf 87' lang='grc' dir='ltr'>ἀνωτέρω</span> <span class='ocrx_word' id='word_1_225' title='bbox 1001 3452 1095 3515; x_wconf 91' lang='grc' dir='ltr'>τύπον</span> <span class='ocrx_word' id='word_1_226' title='bbox 1123 3447 1179 3516; x_wconf 89' lang='grc' dir='ltr'>καὶ</span> <span class='ocrx_word' id='word_1_227' title='bbox 1204 3453 1326 3536; x_wconf 86' lang='grc' dir='ltr'>τρόπον,</span> 
     </span>
     <span class='ocr_line' id='line_1_26' title="bbox 67 3569 1326 3663; baseline 0.002 -28"><span class='ocrx_word' id='word_1_228' title='bbox 67 3577 114 3636; x_wconf 86' lang='grc' dir='ltr'>καί</span> <span class='ocrx_word' id='word_1_229' title='bbox 141 3571 240 3639; x_wconf 84' lang='grc' dir='ltr'>τάλλα</span> <span class='ocrx_word' id='word_1_230' title='bbox 268 3577 372 3639; x_wconf 85' lang='grc' dir='ltr'>πάντα</span> <span class='ocrx_word' id='word_1_231' title='bbox 397 3573 627 3660; x_wconf 79' lang='grc' dir='ltr'>πληρωθῶσιν,</span> <span class='ocrx_word' id='word_1_232' title='bbox 663 3569 725 3640; x_wconf 78' lang='grc' dir='ltr'>ὅσα</span> <span class='ocrx_word' id='word_1_233' title='bbox 753 3569 786 3638; x_wconf 83' lang='grc' dir='ltr'>έν</span> <span class='ocrx_word' id='word_1_234' title='bbox 814 3583 881 3646; x_wconf 83' lang='grc' dir='ltr'>ταῖς</span> <span class='ocrx_word' id='word_1_235' title='bbox 908 3579 1152 3662; x_wconf 81' lang='grc' dir='ltr'>προειρημέναις</span> <span class='ocrx_word' id='word_1_236' title='bbox 1181 3573 1326 3663; x_wconf 82' lang='grc' dir='ltr'>αἰτήσεσί</span> 
     </span>
     <span class='ocr_line' id='line_1_27' title="bbox 67 3696 1325 3788; baseline 0.007 -30"><span class='ocrx_word' id='word_1_237' title='bbox 67 3718 94 3759; x_wconf 90' lang='grc' dir='ltr'>ιε</span> <span class='ocrx_word' id='word_1_238' title='bbox 118 3703 171 3762; x_wconf 84' lang='grc' dir='ltr'>καί</span> <span class='ocrx_word' id='word_1_239' title='bbox 197 3699 332 3785; x_wconf 77' lang='grc' dir='ltr'>δωρεαῖς</span> <span class='ocrx_word' id='word_1_240' title='bbox 359 3701 551 3785; x_wconf 87' lang='grc' dir='ltr'>περιέχεται.</span> <span class='ocrx_word' id='word_1_241' title='bbox 576 3709 614 3784; x_wconf 80' lang='grc' dir='ltr'>τη</span> <span class='ocrx_word' id='word_1_242' title='bbox 647 3707 721 3779; x_wconf 88' lang='grc' dir='ltr'>γοόν</span> <span class='ocrx_word' id='word_1_243' title='bbox 743 3696 832 3785; x_wconf 82' lang='grc' dir='ltr'>ἰσχύι</span> <span class='ocrx_word' id='word_1_244' title='bbox 855 3702 911 3764; x_wconf 82' lang='grc' dir='ltr'>καί</span> <span class='ocrx_word' id='word_1_245' title='bbox 933 3699 1069 3786; x_wconf 88' lang='grc' dir='ltr'>δυνάμει</span> <span class='ocrx_word' id='word_1_246' title='bbox 1093 3709 1147 3766; x_wconf 85' lang='grc' dir='ltr'>τού</span> <span class='ocrx_word' id='word_1_247' title='bbox 1170 3705 1325 3788; x_wconf 83' lang='grc' dir='ltr'>παρόντος</span> 
     </span>
     <span class='ocr_line' id='line_1_28' title="bbox 67 3817 1324 3912; baseline 0.004 -26"><span class='ocrx_word' id='word_1_248' title='bbox 67 3823 295 3906; x_wconf 76' lang='grc' dir='ltr'>Ιηροσοβούλλυυ</span> <span class='ocrx_word' id='word_1_249' title='bbox 323 3823 420 3902; x_wconf 91' lang='grc' dir='ltr'>λόγου</span> <span class='ocrx_word' id='word_1_250' title='bbox 448 3832 504 3910; x_wconf 81' lang='grc' dir='ltr'>τῆς</span> <span class='ocrx_word' id='word_1_251' title='bbox 533 3823 698 3906; x_wconf 87' lang='grc' dir='ltr'>βασιλείας</span> <span class='ocrx_word' id='word_1_252' title='bbox 728 3817 789 3909; x_wconf 86' lang='grc' dir='ltr'>μου</span> <span class='ocrx_word' id='word_1_253' title='bbox 817 3825 950 3900; x_wconf 73' lang='grc' dir='ltr'>καθέξει</span> <span class='ocrx_word' id='word_1_254' title='bbox 977 3827 1033 3888; x_wconf 91' lang='grc' dir='ltr'>καί</span> <span class='ocrx_word' id='word_1_255' title='bbox 1061 3827 1276 3912; x_wconf 82' lang='grc' dir='ltr'>νεμεδήσεται</span> <span class='ocrx_word' id='word_1_256' title='bbox 1305 3823 1324 3912; x_wconf 82' lang='grc' dir='ltr'>ἡ</span> 
     </span>
     <span class='ocr_line' id='line_1_29' title="bbox 66 3943 1324 4036; baseline 0.006 -30"><span class='ocrx_word' id='word_1_257' title='bbox 66 3953 266 4034; x_wconf 87' lang='grc' dir='ltr'>προειρημένη</span> <span class='ocrx_word' id='word_1_258' title='bbox 292 3949 465 4035; x_wconf 74' lang='grc' dir='ltr'>περιφανὴς</span> <span class='ocrx_word' id='word_1_259' title='bbox 488 3949 635 4034; x_wconf 83' lang='grc' dir='ltr'>κοινότης</span> <span class='ocrx_word' id='word_1_260' title='bbox 660 3955 715 4034; x_wconf 82' lang='grc' dir='ltr'>τῆς</span> <span class='ocrx_word' id='word_1_261' title='bbox 739 3943 942 4034; x_wconf 87' lang='grc' dir='ltr'>Φλωρεντίσς</span> <span class='ocrx_word' id='word_1_262' title='bbox 965 3951 1072 4023; x_wconf 85' lang='grc' dir='ltr'>πάσας</span> <span class='ocrx_word' id='word_1_263' title='bbox 1096 3951 1151 4022; x_wconf 80' lang='grc' dir='ltr'>τὰς</span> <span class='ocrx_word' id='word_1_264' title='bbox 1174 3971 1324 4036; x_wconf 89' lang='grc' dir='ltr'>προειρη-</span> 
     </span>
     <span class='ocr_line' id='line_1_30' title="bbox 68 4066 1324 4160; baseline 0.006 -30"><span class='ocrx_word' id='word_1_265' title='bbox 68 4073 151 4150; x_wconf 83' lang='grc' dir='ltr'>μένας</span> <span class='ocrx_word' id='word_1_266' title='bbox 175 4066 359 4158; x_wconf 76' lang='grc' dir='ltr'>εὐεργεσίας</span> <span class='ocrx_word' id='word_1_267' title='bbox 388 4081 445 4158; x_wconf 83' lang='grc' dir='ltr'>τῆς</span> <span class='ocrx_word' id='word_1_268' title='bbox 469 4072 635 4156; x_wconf 89' lang='grc' dir='ltr'>βασιλείας</span> <span class='ocrx_word' id='word_1_269' title='bbox 661 4093 735 4158; x_wconf 85' lang='grc' dir='ltr'>μου,</span> <span class='ocrx_word' id='word_1_270' title='bbox 761 4069 861 4160; x_wconf 73' lang='grc' dir='ltr'>ἤγουν</span> <span class='ocrx_word' id='word_1_271' title='bbox 883 4070 935 4136; x_wconf 80' lang='grc' dir='ltr'>ἵνα</span> <span class='ocrx_word' id='word_1_272' title='bbox 960 4070 1021 4138; x_wconf 92' lang='grc' dir='ltr'>ἀπό</span> <span class='ocrx_word' id='word_1_273' title='bbox 1045 4081 1100 4138; x_wconf 84' lang='grc' dir='ltr'>τού</span> <span class='ocrx_word' id='word_1_274' title='bbox 1124 4081 1176 4138; x_wconf 86' lang='grc' dir='ltr'>νύν</span> <span class='ocrx_word' id='word_1_275' title='bbox 1196 4078 1255 4138; x_wconf 86' lang='grc' dir='ltr'>’καί</span> <span class='ocrx_word' id='word_1_276' title='bbox 1279 4073 1324 4148; x_wconf 90' lang='grc' dir='ltr'>εἰς</span> 
     </span>
     <span class='ocr_line' id='line_1_31' title="bbox 67 4191 1336 4287; baseline 0.007 -32"><span class='ocrx_word' id='word_1_277' title='bbox 67 4195 94 4255; x_wconf 82' lang='grc' dir='ltr'>τί</span> <span class='ocrx_word' id='word_1_278' title='bbox 116 4195 184 4283; x_wconf 62' lang='grc' dir='ltr'>ἔβης</span> <span class='ocrx_word' id='word_1_279' title='bbox 214 4196 283 4282; x_wconf 81' lang='grc' dir='ltr'>ἔχει</span> <span class='ocrx_word' id='word_1_280' title='bbox 312 4195 423 4261; x_wconf 86' lang='grc' dir='ltr'>ἀδειαν</span> <span class='ocrx_word' id='word_1_281' title='bbox 449 4199 503 4261; x_wconf 86' lang='grc' dir='ltr'>διὰ</span> <span class='ocrx_word' id='word_1_282' title='bbox 527 4207 587 4262; x_wconf 85' lang='grc' dir='ltr'>τών</span> <span class='ocrx_word' id='word_1_283' title='bbox 609 4197 745 4262; x_wconf 79' lang='grc' dir='ltr'>πολιτῶν</span> <span class='ocrx_word' id='word_1_284' title='bbox 768 4201 824 4262; x_wconf 89' lang='grc' dir='ltr'>καί</span> <span class='ocrx_word' id='word_1_285' title='bbox 847 4193 995 4285; x_wconf 89' lang='grc' dir='ltr'>ύπηκόων</span> <span class='ocrx_word' id='word_1_286' title='bbox 1022 4193 1120 4284; x_wconf 78' lang='grc' dir='ltr'>αὐτῆς</span> <span class='ocrx_word' id='word_1_287' title='bbox 1143 4191 1210 4263; x_wconf 82' lang='grc' dir='ltr'>τῶν</span> <span class='ocrx_word' id='word_1_288' title='bbox 1228 4199 1261 4264; x_wconf 86' lang='grc' dir='ltr'>έν</span> <span class='ocrx_word' id='word_1_289' title='bbox 1284 4211 1336 4287; x_wconf 76' lang='grc' dir='ltr'>τηΙ</span> 
     </span>
     <span class='ocr_line' id='line_1_32' title="bbox 68 4317 1319 4409; baseline 0.007 -29"><span class='ocrx_word' id='word_1_290' title='bbox 68 4317 281 4407; x_wconf 77' lang='grc' dir='ltr'>δεοφρουρήτιρ</span> <span class='ocrx_word' id='word_1_291' title='bbox 304 4321 396 4385; x_wconf 91' lang='grc' dir='ltr'>πόλει</span> <span class='ocrx_word' id='word_1_292' title='bbox 421 4331 477 4408; x_wconf 81' lang='grc' dir='ltr'>τῆς</span> <span class='ocrx_word' id='word_1_293' title='bbox 500 4321 666 4404; x_wconf 85' lang='grc' dir='ltr'>βασιλείας</span> <span class='ocrx_word' id='word_1_294' title='bbox 691 4343 766 4407; x_wconf 88' lang='grc' dir='ltr'>μου,</span> <span class='ocrx_word' id='word_1_295' title='bbox 801 4333 840 4409; x_wconf 81' lang='grc' dir='ltr'>τη</span> <span class='ocrx_word' id='word_1_296' title='bbox 863 4321 1209 4402; x_wconf 88' lang='grc' dir='ltr'>Κωνσταντινσυπόλει,</span> <span class='ocrx_word' id='word_1_297' title='bbox 1247 4322 1319 4389; x_wconf 78' lang='grc' dir='ltr'>ἰσο-</span> 
     </span>
     <span class='ocr_line' id='line_1_33' title="bbox 67 4442 1323 4536; baseline 0.008 -31"><span class='ocrx_word' id='word_1_298' title='bbox 67 4447 154 4524; x_wconf 83' lang='grc' dir='ltr'>μένον</span> <span class='ocrx_word' id='word_1_299' title='bbox 182 4447 328 4532; x_wconf 74' lang='grc' dir='ltr'>χρῆσθαι</span> <span class='ocrx_word' id='word_1_300' title='bbox 360 4449 416 4510; x_wconf 87' lang='grc' dir='ltr'>καί</span> <span class='ocrx_word' id='word_1_301' title='bbox 443 4448 600 4532; x_wconf 84' lang='grc' dir='ltr'>νέμεσθαι</span> <span class='ocrx_word' id='word_1_302' title='bbox 627 4445 680 4513; x_wconf 91' lang='grc' dir='ltr'>τόν</span> <span class='ocrx_word' id='word_1_303' title='bbox 709 4444 792 4531; x_wconf 83' lang='grc' dir='ltr'>ἱερὸν</span> <span class='ocrx_word' id='word_1_304' title='bbox 826 4442 902 4512; x_wconf 83' lang='grc' dir='ltr'>ναόν</span> <span class='ocrx_word' id='word_1_305' title='bbox 930 4453 985 4511; x_wconf 84' lang='grc' dir='ltr'>τού</span> <span class='ocrx_word' id='word_1_306' title='bbox 1016 4451 1177 4533; x_wconf 89' lang='grc' dir='ltr'>μακαρίου</span> <span class='ocrx_word' id='word_1_307' title='bbox 1201 4447 1323 4536; x_wconf 88' lang='grc' dir='ltr'>Πέτρου</span> 
     </span>
     <span class='ocr_line' id='line_1_34' title="bbox 67 4566 1321 4657; baseline 0.01 -30"><span class='ocrx_word' id='word_1_308' title='bbox 67 4576 111 4630; x_wconf 83' lang='grc' dir='ltr'>τού</span> <span class='ocrx_word' id='word_1_309' title='bbox 140 4568 333 4647; x_wconf 86' lang='grc' dir='ltr'>ἀποστόλου,</span> <span class='ocrx_word' id='word_1_310' title='bbox 363 4567 398 4642; x_wconf 84' lang='grc' dir='ltr'>ὃς</span> <span class='ocrx_word' id='word_1_311' title='bbox 427 4566 466 4655; x_wconf 80' lang='grc' dir='ltr'>ἠν</span> <span class='ocrx_word' id='word_1_312' title='bbox 494 4591 571 4635; x_wconf 89' lang='grc' dir='ltr'>ποτε</span> <span class='ocrx_word' id='word_1_313' title='bbox 602 4580 662 4635; x_wconf 84' lang='grc' dir='ltr'>τών</span> <span class='ocrx_word' id='word_1_314' title='bbox 687 4569 864 4649; x_wconf 88' lang='grc' dir='ltr'>Πισσαίων,</span> <span class='ocrx_word' id='word_1_315' title='bbox 899 4575 1014 4657; x_wconf 89' lang='grc' dir='ltr'>κυρίως</span> <span class='ocrx_word' id='word_1_316' title='bbox 1037 4573 1094 4637; x_wconf 89' lang='grc' dir='ltr'>καί</span> <span class='ocrx_word' id='word_1_317' title='bbox 1115 4572 1321 4650; x_wconf 83' lang='grc' dir='ltr'>δεσποτικῶς,</span> 
     </span>
     <span class='ocr_line' id='line_1_35' title="bbox 68 4689 1321 4785; baseline 0.009 -32"><span class='ocrx_word' id='word_1_318' title='bbox 68 4689 185 4776; x_wconf 73' lang='grc' dir='ltr'>ἔχοντες</span> <span class='ocrx_word' id='word_1_319' title='bbox 209 4691 320 4758; x_wconf 83' lang='grc' dir='ltr'>ἀδειαν</span> <span class='ocrx_word' id='word_1_320' title='bbox 349 4691 500 4759; x_wconf 85' lang='grc' dir='ltr'>ἀνανεοῦν</span> <span class='ocrx_word' id='word_1_321' title='bbox 530 4693 625 4761; x_wconf 87' lang='grc' dir='ltr'>αύτόν</span> <span class='ocrx_word' id='word_1_322' title='bbox 649 4699 704 4760; x_wconf 84' lang='grc' dir='ltr'>καί</span> <span class='ocrx_word' id='word_1_323' title='bbox 729 4693 907 4769; x_wconf 79' lang='grc' dir='ltr'>ἀνακτίζειν</span> <span class='ocrx_word' id='word_1_324' title='bbox 930 4701 1015 4762; x_wconf 82' lang='grc' dir='ltr'>κατὰ</span> <span class='ocrx_word' id='word_1_325' title='bbox 1038 4698 1094 4785; x_wconf 81' lang='grc' dir='ltr'>την</span> <span class='ocrx_word' id='word_1_326' title='bbox 1119 4695 1220 4764; x_wconf 84' lang='grc' dir='ltr'>αύτων</span> <span class='ocrx_word' id='word_1_327' title='bbox 1245 4699 1321 4784; x_wconf 88' lang='grc' dir='ltr'>βού-</span> 
     </span>
     <span class='ocr_line' id='line_1_36' title="bbox 67 4815 1319 4914; baseline 0.01 -38"><span class='ocrx_word' id='word_1_328' title='bbox 67 4815 160 4902; x_wconf 88' lang='grc' dir='ltr'>λησιν,</span> <span class='ocrx_word' id='word_1_329' title='bbox 189 4823 370 4907; x_wconf 73' lang='grc' dir='ltr'>σωζομένου</span> <span class='ocrx_word' id='word_1_330' title='bbox 395 4824 501 4907; x_wconf 89' lang='grc' dir='ltr'>μέντοι</span> <span class='ocrx_word' id='word_1_331' title='bbox 525 4825 578 4887; x_wconf 87' lang='grc' dir='ltr'>καί</span> <span class='ocrx_word' id='word_1_332' title='bbox 602 4821 838 4909; x_wconf 78' lang='grc' dir='ltr'>φυλαττομένου</span> <span class='ocrx_word' id='word_1_333' title='bbox 862 4831 916 4889; x_wconf 86' lang='grc' dir='ltr'>τού</span> <span class='ocrx_word' id='word_1_334' title='bbox 939 4825 1062 4908; x_wconf 82' lang='grc' dir='ltr'>πρώτου</span> <span class='ocrx_word' id='word_1_335' title='bbox 1087 4818 1167 4912; x_wconf 82' lang='grc' dir='ltr'>αύπη</span> <span class='ocrx_word' id='word_1_336' title='bbox 1192 4827 1319 4914; x_wconf 79' lang='grc' dir='ltr'>σχημα-</span> 
     </span>
    </p>
   </div>
   <div class='ocr_carea' id='block_1_6' title="bbox 0 0 1570 5268">
    <p class='ocr_par' dir='ltr' id='par_1_6' title="bbox 0 0 1570 5268">
     <span class='ocr_line' id='line_1_37' title="bbox 0 0 1570 5268; baseline 0 0"><span class='ocrx_word' id='word_1_337' title='bbox 0 0 1570 5268; x_wconf 95' lang='lat' dir='ltr'> </span> 
     </span>
    </p>
   </div>
  </div>
 </body>
</html>
