3114 5264
217 347 281 416 202

218 542 353 620 ἄνωθεν,
377 543 432 606 διὰ
455 544 494 604 νίι
518 541 573 624 την
590 539 812 615 ιελειύοουοιν,
837 543 892 603 καί
916 537 1034 624 ὁμοίως
1057 538 1110 602 διὰ
1134 539 1185 602 τίν
1210 533 1373 622 εἰρημένον
1397 539 1490 620 μιοίρ
1540 556 1544 567 ·

219 667 445 751 Φραντίέσκον
475 662 518 736 εἰς
546 662 601 748 την
629 659 714 728 Χίον.
743 661 800 726 καὶ
824 669 926 739 τοῦτο,
957 659 1063 746 ἐπειδὴ
1094 659 1163 724 έναι
1187 657 1216 723 οἱ
1241 657 1402 746 εἰρημένοι
1428 679 1491 744 μοῃ

219 794 314 877 ναχοί
337 791 451 874 ττυχοί
474 791 530 850 καί
555 783 719 863 ἀδύνατοι,
750 785 779 850 οἱ
803 783 904 851 δποίοι
932 787 1005 859 τούς
1032 789 1242 872 περεομένους
1269 786 1403 870 χρύνους
1433 780 1490 862 ἐγ-

218 913 411 998 καλούμενοι
435 913 488 976 διίι
512 915 587 995 μίαν
617 909 719 974 αἰτίαν
747 912 911 976 δουκοιτών
940 909 1134 974 εἰκοσιπέντε
1160 913 1198 994 μέ
1223 908 1389 975 ’Λντώνιον
1418 905 1489 974 Ῥε·

220 1039 295 1102 στὰν
319 1041 375 1101 καί
405 1036 476 1107 τούς
507 1032 663 1122 ἀδελφούς
694 1038 786 1097 τύσον
816 1032 1032 1118 ἀπεμακριναν
1061 1037 1117 1098 καί
1146 1033 1303 1117 έπύριιξαν
1332 1031 1404 1104 τούς
1430 1027 1490 1116 ρη-

219 1163 336 1232 ύέντας
360 1159 522 1244 μοναχούς
547 1155 591 1230 εἰς
614 1157 639 1222 Γ
641 1159 773 1240 ένουβαν
798 1163 852 1220 καί
877 1157 922 1230 εἰς
941 1155 1076 1244 Ῥώμην,
1098 1153 1146 1222 ’ύτι
1170 1158 1373 1233 έΕοδιάσασιν
1394 1157 1493 1221 πλέον

221 1281 292 1370 παρ’
317 1281 334 1347 δ
357 1284 501 1347 δυοκύτα
516 1284 621 1367 χρυοίι
649 1279 843 1358 δκτακύσια,
868 1287 924 1346 καί
955 1279 1009 1346 ἐὰν
1035 1279 1219 1368 ένικήσασιν
1242 1281 1297 1368 τήν
1322 1281 1493 1368 εἰρημένην

220 1409 333 1485 αἰτίαν,
359 1403 429 1472 ἀλλ’
454 1403 508 1471 οὐν
532 1407 622 1478 τέλος
647 1403 845 1492 οἰπεμὴνασιν
870 1405 993 1492 ίρημοι,
1018 1411 1074 1471 καί
1095 1403 1202 1492 ἀκομη
1220 1405 1264 1479 είς
1289 1405 1412 1492 σιμάδοι
1434 1411 1492 1469 καί

219 1535 334 1618 βέβαια
369 1533 461 1596 παντί
490 1529 644 1596 ἀδύνατον
668 1528 789 1616 ἤθελεν
819 1529 919 1596 εἰστεν
948 1532 1046 1616 ταύτη
1075 1527 1094 1616 ἡ
1123 1532 1255 1615 δευτέρα
1280 1529 1366 1594 αἰτία
1393 1551 1493 1614 προσ-

220 1663 373 1752 τρέχοντα
397 1649 494 1742 αὐτὴν
520 1653 563 1728 εἰς
588 1651 729 1720 ἐναντίον
753 1663 812 1717 τών
836 1652 1007 1740 εἰρημένων
1030 1658 1122 1738 μισὲρ
1143 1653 1302 1720 Φιλίππου
1318 1657 1374 1718 καί
1399 1659 1494 1740 μισὲρ

222 1783 463 1868 Φραντζέσκυυ,
489 1777 600 1852 οἵτινες
623 1777 721 1870 [έναι]
746 1775 911 1863 ἅνθρωποι
934 1777 1062 1842 δυνατοί
1084 1781 1140 1842 καί
1155 1779 1309 1856 πλούσιοι,
1335 1775 1365 1842 οἰ
1388 1775 1494 1844 ύποίοι

221 1911 303 1972 πωτέ
320 1906 374 1969 δέν
399 1902 596 1989 έδελήσαοιν
619 1905 659 1966 τίι
681 1903 884 1987 προρηδέντοι
907 1904 1077 1988 πράγματα
1102 1905 1141 1966 τὰ
1165 1900 1198 1978 έί
1220 1899 1365 1989 ἁρπαγῆς
1389 1907 1430 1968 νοί
1455 1907 1494 1967 τὰ

222 2033 409 2116 οτρέψουσιν
429 2028 530 2103 καλὰ,
556 2024 611 2090 καί
636 2023 745 2090 ἀποίνω
775 2025 817 2098 εἰς
847 2035 938 2089 τοῦτο
967 2024 1106 2112 ἥλδαοιν
1130 2025 1261 2092 δυναταί
1282 2030 1340 2091 καί
1362 2025 1496 2114 ἰσχυραί

224 2153 395 2242 σρραγίδες
415 2156 472 2216 καί
491 2151 601 2236 πρέβοι
624 2157 679 2213 τοῦ
696 2147 872 2228 αἰτιωτάτου
897 2147 1078 2236 ἀρχιερέως,
1103 2151 1248 2229 λέγοντα,
1273 2147 1321 2215 ὅτι
1344 2153 1399 2216 δέν
1424 2151 1496 2216 έναι

223 2277 253 2345 οἱ
284 2276 454 2365 ἀφορισμοὶ
477 2273 717 2358 πασαβολιέντε,
744 2277 823 2361 μήτε
848 2272 881 2338 αἰ
904 2277 1042 2359 κατώραι
1065 2283 1121 2360 τῆς
1145 2274 1361 2363 ἀποστολικης
1385 2279 1495 2340 καδέ-

222 2404 300 2488 δρας
324 2405 474 2487 κεραυνοί
495 2403 551 2463 καί
577 2395 751 2485 ἀστραπαί,
776 2401 832 2463 καί
856 2398 912 2464 έίιν
935 2396 1011 2472 ένας
1038 2397 1205 2474 Ἀντώνιος
1227 2397 1358 2472 Ῥεστίις
1382 2399 1497 2485 εἰμπύ-

221 2547 313 2612 ρεοον
337 2525 454 2598 πολούς
479 2527 612 2610 χρόνους
632 2526 688 2586 καί
712 2527 750 2608 μὲ
773 2524 875 2596 πολὰς
899 2520 1010 2598 ἐξύδας
1034 2521 1106 2596 τούς
1129 2523 1279 2609 έπιίραξεν
1302 2528 1358 2588 καί
1382 2524 1496 2596 τελίως

218 2637 383 2739 ἠφάνισεν,
408 2645 446 2721 ἂς
471 2647 695 2734 συλοηηδιῦσιν
720 2645 753 2710 αἱ
777 2644 1006 2732 ὲκλελεγμέναι
1027 2667 1086 2720 σας
1110 2643 1288 2725 αὐδεντίαι,
1312 2651 1412 2714 κύσον
1436 2651 1496 2713 δύ-

223 2794 329 2840 νονται
351 2761 410 2838 καί
429 2772 632 2858 δυνήσονται,
668 2768 697 2834 οἱ
720 2772 952 2856 προρρηθέντες
987 2774 1124 2858 μοναχοί
1159 2773 1199 2856 μέ
1233 2771 1332 2858 ρύβον
1366 2775 1425 2836 καί
1454 2779 1494 2858 μὲ

222 2900 327 2984 κακὴν
355 2897 490 2982 καρδίαν
518 2899 557 2960 νίι
586 2901 766 2980 κρίνουνται
795 2897 834 2978 μέ
861 2893 933 2966 τούς
968 2891 1093 2958 ύίνωῦεν
1122 2898 1215 2980 μιοέρ
1243 2893 1402 2960 Φίλιππον
1438 2903 1497 2961 καί

224 3026 315 3108 μισέρ
339 3020 576 3106 Φραντζέσκον.
606 3019 661 3084 διὰ
685 3026 792 3094 τοῦτο,
822 3012 1071 3103 εὐδοκιμώτατοι
1100 3023 1156 3082 καί
1183 3015 1408 3105 ἰκλελεημένοι
1439 3019 1497 3085 αὐ-

223 3151 334 3220 δέντες
357 3139 519 3232 ἡμέτεροι,
556 3142 586 3206 οἱ
614 3141 772 3228 εἰρημένοι
808 3144 944 3227 μοναχοί
967 3145 1023 3205 καί
1045 3138 1136 3229 ἡμεῖς
1170 3147 1284 3216 πάντες
1307 3141 1332 3210 Γ
1334 3150 1428 3230 ρακυί
1467 3147 1497 3209 οἱ

223 3279 279 3357 της
303 3265 473 3340 αύύεντίας
498 3289 557 3339 σας
582 3265 732 3350 ἀληθινοί
755 3269 810 3328 καί
832 3269 1023 3330 πιστώτατοι
1046 3267 1155 3332 δοῦλοι
1184 3271 1264 3354 μετὰ
1288 3273 1497 3356 ταπινύτητο;

223 3395 412 3478 ίκετεύωμεν
436 3395 492 3456 καί
516 3395 595 3476 μετὰ
620 3385 787 3473 εὐλαβείας
810 3389 1059 3474 παρακαλοῦμεν
1081 3387 1178 3455 ἕνεκα
1202 3400 1257 3456 τοῦ
1285 3395 1411 3468 πάθους
1440 3405 1497 3460 τοῦ

223 3524 332 3602 κυρίου
354 3513 443 3603 ημών
466 3513 569 3601 Ἰησοῦ
594 3513 731 3600 Χριστοῦ
759 3517 815 3577 καί
842 3523 902 3577 τών
930 3519 1069 3599 χαρίτων
1098 3523 1152 3600 τῆς
1180 3510 1497 3606 ύπερδεδοίασμένης

221 3643 385 3726 παρθένου
418 3637 559 3724 Μαρίας,
596 3645 652 3722 τῆς
686 3635 797 3708 ὁποίας
833 3633 910 3701 εἰσίν
945 3641 984 3701 τὰ
1019 3636 1169 3724 εἰρημένα
1206 3635 1403 3708 ύποστατικδι
1439 3649 1499 3708 καί

224 3764 326 3842 καλὰ,
339 3751 405 3828 ιδιοί
433 3763 488 3849 τὴν
514 3760 644 3826 αἰωνίαν
668 3756 839 3846 εὐημερίαν
863 3771 922 3826 των
951 3757 1106 3848 ὑμετέρων
1135 3773 1276 3851 ρανερών
1299 3769 1356 3830 καί
1380 3779 1499 3832 κοινοῦν

225 3887 358 3966 ύγαύῦν
386 3879 442 3951 καί
472 3886 526 3950 διὰ
560 3885 616 3970 τήν
644 3880 805 3970 ἡμετέραν
841 3882 968 3950 αἰωνίαν
1003 3886 1168 3951 δούλευσιν
1203 3889 1258 3974 την
1291 3890 1420 3976 πιοτήν,
1458 3898 1498 3957 νὰ

224 4011 376 4099 ἀξιοδητε
393 4013 449 4098 τὴν
465 4008 622 4097 ἡμετέραν
647 4006 736 4085 ύίίαν
760 4007 816 4072 καὶ
839 4009 1041 4095 δακρύουσαν
1063 4014 1194 4098 ζήτησιν
1217 4015 1256 4078 νύ
1280 4014 1406 4097 βάλετε,
1431 4037 1498 4080 κα-

225 4134 443 4212 θώςύνωδεν,
465 4138 521 4198 καί
546 4137 625 4218 μετὰ
649 4137 855 4221 ταπινύτητυς
880 4132 1077 4222 ἱκετεύομεν.
1101 4137 1154 4200 διὰ
1179 4139 1214 4202 τύ
1238 4135 1345 4205 δπυίυν
1361 4151 1500 4228 πρᾶγμα

224 4256 297 4346 οὐχί
332 4262 428 4346 μόνον
462 4255 552 4344 ἡμεῖς
585 4261 703 4333 πάντες
731 4258 761 4323 οἰ
785 4257 945 4333 οἰκοῦντες
981 4247 1022 4324 ἐν’
1041 4259 1110 4346 Χίῳ
1140 4259 1371 4350 ἀπολαύσωμεν
1404 4260 1498 4342 ἰδίως

223 4389 280 4448 καί
304 4381 415 4456 ένικώς
436 4383 494 4468 ,την
518 4383 627 4470 χάριν,
663 4381 747 4448 ἀλλὰ
779 4381 886 4470 ὐικομη
915 4393 1004 4448 πᾶσα
1026 4380 1046 4472 ἡ
1070 4383 1201 4468 Ἐλλίις,
1236 4389 1292 4474 την
1320 4385 1434 4455 ὁποίαν
1465 4390 1498 4456 έν

224 4495 316 4573 τοῦτο
341 4506 383 4592 τῷ
404 4503 486 4590 οἰτίιρ
509 4511 566 4574 καί
589 4505 822 4592 αἰδεοιμοτοίτιρ
845 4512 1046 4596 μοναστηρίιρ
1070 4518 1126 4596 της
1148 4508 1236 4586 Νέας
1252 4509 1359 4600 Μανῆς
1377 4513 1422 4588 εἰς
1439 4517 1497 4580 τύ-

224 4623 291 4696 πον
310 4629 367 4695 καί
390 4623 556 4713 εὐλάβειαν
585 4629 655 4705 ἑνύς
682 4634 830 4717 δευτέρου
866 4629 959 4714 ἁγίου
988 4639 1150 4723 μνήματος
1185 4645 1244 4702 τών
1275 4635 1499 4727 Ἰερουσαλὴμ,

225 4757 282 4817 καί
311 4751 372 4817 ὐπὸ
401 4747 494 4817 οὐδέν
522 4759 615 4840 μέρος
648 4767 706 4822 τών
728 4753 874 4842 Γραικῶν
899 4757 942 4830 εἰς
971 4769 1061 4824 τοῦτο
1091 4763 1125 4824 τύ
1155 4723 1246 4841 ἅγίον
1280 4767 1499 4851 μονοστὴριον
