3132 5268
215 343 276 410 180

209 559 263 604 κοι
296 536 582 622 καταλογιζόμενοι
613 539 702 622 παρὰ
736 544 793 622 τῆς
826 531 984 622 ἡμετέρας
1020 535 1183 619 βασιλείας
1218 531 1361 615 ἐγίνοντο
1398 531 1477 599 Ῥευ-

210 673 313 748 μαῖοι,
342 657 534 746 ἀρκούμεθα
556 656 646 747 ἡμεῖς
672 657 689 724 ό
714 681 747 724 τε
773 661 922 744 βασιλεύς
945 664 1002 725 καί
1024 656 1044 745 ἡ
1069 660 1217 744 βασιλεία
1239 655 1327 746 ἡμιῖν
1352 655 1478 723 ἀνακα-

209 787 374 852 λόσασδαι
396 789 517 860 πάντας
541 787 614 860 τούς
637 785 824 860 Βενετίκυος
847 790 903 850 καί
927 786 1000 859 τούς
1024 782 1066 858 όις
1089 784 1277 858 Βενετίκοος
1300 783 1478 860 καταλογι-

211 913 364 996 ζυμῖνοος
391 911 464 984 τούς
492 913 665 990 γεγονότας
692 908 867 996 Ῥωμαίους
891 909 1039 983 ἐναντίους
1063 917 1118 974 τυιῖ
1146 910 1242 972 τύπου
1271 917 1331 972 τῶν
1359 907 1477 992 τρεβίυν

210 1032 273 1100 ἀπό
296 1043 351 1100 τού
374 1042 488 1121 καιροῦ
512 1044 572 1100 τιῖν
596 1031 741 1121 ἐσχάτοιν
765 1035 882 1120 τρεβιῖν
906 1045 965 1098 τῶν
989 1037 1162 1118 γενομένων
1187 1028 1219 1096 ἐν
1243 1041 1282 1118 τῇ
1306 1029 1479 1096 Κοινσταν-

210 1158 386 1224 τινουπόλει
411 1161 505 1244 μέχρι
529 1167 588 1224 τῶν
613 1165 679 1234 νῦν,
708 1153 789 1222 ούτιε
813 1156 870 1224 καὶ
892 1160 1151 1243 τοιουτοτρόποις,
1181 1151 1228 1220 ότι
1257 1152 1288 1218 οἱ
1315 1153 1480 1220 Βενέτικυι

209 1280 239 1346 οἱ
263 1285 429 1362 γεγονότες
458 1279 607 1368 Ῥωμαῖοι
635 1280 680 1354 είς
704 1284 739 1346 τό
763 1280 835 1369 ἑξῆς
858 1277 895 1346 ού
919 1282 1229 1368 διαβιβασύὴσυνται
1252 1277 1294 1354 ύις
1317 1277 1479 1364 Ῥωμαῖοι,

122 1411 129 1442 '
210 1403 280 1472 ἀλλ’
316 1403 360 1480 ὡς
393 1405 583 1472 Βενίτικοι.·
603 1405 650 1470 ἔτι
684 1403 733 1472 ἐπί
760 1415 816 1494 τῆς
842 1408 983 1492 πράξεως
1017 1416 1077 1470 τῶν
1113 1403 1302 1490 ἐξωτερικῶν
1337 1407 1480 1489 κρασίοιν

207 1527 298 1618 ἡμεῖς
329 1528 346 1596 6
375 1531 525 1614 βασιλεύς
552 1534 608 1595 καί
635 1527 655 1618 ἡ
681 1531 828 1615 βασιλεία
861 1527 949 1618 ἡμῶν
978 1527 1222 1617 ὑπισχνούμεθα
1255 1528 1311 1594 καί
1346 1527 1480 1614 ἀρέσκει

206 1650 281 1742 ἡμῖν
316 1655 469 1735 γενίσύαι
502 1656 558 1718 καί
592 1655 812 1742 φυλάττεσθαι
846 1657 930 1720 κατὰ
964 1657 1017 1718 τόν
1052 1657 1146 1720 τόκον
1181 1663 1241 1718 τοῖιν
1272 1654 1401 1738 τρεβιῐιν.
1431 1650 1481 1716 ἔτι

206 1783 277 1864 περί
304 1787 360 1866 τῆς
388 1779 531 1864 πράξεως
558 1785 613 1842 τοῦ
642 1781 729 1842 σίτου
757 1774 847 1865 ἡμεῖς
871 1775 888 1841 6
913 1777 1061 1861 βασιλεύς
1088 1781 1144 1842 καί
1166 1773 1186 1864 ἡ
1212 1777 1360 1860 βασιλεία
1386 1771 1479 1862 ἡμῶν

206 1903 342 1988 λίγομεν
375 1899 433 1968 καί
461 1898 591 1986 ἀρέσκει
624 1897 697 1988 ἡμῖν
726 1903 879 1981 γενέσθαι
914 1897 960 1966 ἐπ’
996 1896 1092 1966 αότοιῖ
1125 1909 1180 1966 τοῦ
1209 1905 1295 1965 σίτου
1324 1903 1380 1964 καί
1407 1903 1481 1984 περὶ

209 2022 306 2092 αύτοΐι
326 2028 411 2092 κατὰ
426 2027 479 2090 τόν
500 2026 595 2090 τύπον
620 2033 679 2090 τῶν
703 2025 832 2111 τρεβιῖιν,
858 2033 1018 2110 μενουσῶν
1042 2033 1101 2090 τῶν
1125 2023 1231 2088 όλλιυν
1253 2033 1363 2088 πασοῖν
1387 2021 1481 2086 ἐλεο-

207 2152 325 2236 δεριιῖιν
360 2153 416 2214 καί
450 2158 645 2236 ρραγγισιιῖν
679 2145 729 2213 ἐπὶ
762 2150 882 2220 πόσαις
916 2158 983 2221 ταῖς
1018 2145 1132 2220 ἄλλαις
1159 2151 1390 2232 πραγματείαις
1420 2151 1483 2212 καί

208 2287 273 2348 τοῖς
300 2277 485 2359 πράγμασιν
512 2271 558 2347 εἰς
586 2273 641 2359 τὴν
670 2267 771 2338 αύτιῖν
800 2257 998 2338 κατάστασιν
1022 2275 1106 2337 κατὰ
1129 2275 1181 2336 τόν
1206 2273 1299 2336 τύπον
1322 2281 1382 2336 τῶν
1406 2293 1482 2356 τρε-

207 2403 279 2486 βῶν.
316 2400 363 2465 ἔτι
390 2396 481 2486 ἡμεῖς
510 2397 526 2464 6
556 2398 705 2484 βασιλεύς
732 2403 790 2464 καί
817 2395 837 2486 ἡ
862 2401 1010 2483 βασιλεία
1043 2395 1132 2485 ἡμῶν
1168 2394 1412 2484 ὑπισχνούμεθα
1437 2398 1485 2482 τῷ

206 2524 361 2611 είρημίνιρ
386 2521 630 2608 ἀποκρισιαρίιρ,
659 2523 798 2608 σονδίκιρ
825 2527 881 2588 καί
910 2521 1078 2609 ἐπιτρόπῳ,
1106 2518 1187 2586 ὥστε
1212 2523 1314 2586 πάντα
1337 2524 1377 2584 τὰ
1400 2542 1482 2587 και-

205 2649 425 2734 νοοργὴματα,
456 2645 699 2733 ἀποστερήσας,
736 2646 878 2724 ἀδικίας,
906 2647 1176 2732 προσκρούσματα
1199 2649 1256 2710 καί
1280 2649 1395 2732 ζημίας
1419 2649 1483 2719 τὰς

204 2775 376 2858 γενυμόνας
403 2769 442 2836 δι’
471 2767 559 2859 ἡμῶν
588 2775 645 2836 καί
672 2779 727 2857 τῆς
751 2773 916 2855 βασιλείας
947 2767 1035 2856 ἡμῶν
1059 2783 1122 2844 τοῖς
1147 2767 1410 2857 ὑποτεταγμένοις
1436 2773 1484 2856 τῷ

203 2894 289 2981 κυρῷ
322 2895 414 2960 δουκί
447 2897 503 2959 καί
537 2894 580 2980 τῷ
606 2897 783 2981 κουμουνίιρ
812 2893 960 2966 Βενετίας
995 2893 1027 2960 ἐν
1051 2893 1094 2980 τῷ
1116 2895 1217 2982 καιρῷ
1243 2893 1300 2958 καί
1328 2891 1390 2958 ἀπό
1419 2904 1482 2958 τοῦ

203 3027 317 3105 καιρυύ
346 3028 406 3082 τῶν
434 3019 623 3084 τελευταίων
651 3018 768 3104 τρεβῶν
795 3027 856 3082 τῶν
885 3021 1059 3104 γενόμενον
1089 3015 1122 3086 ἐν
1150 3028 1190 3104 εὴ
1216 3016 1483 3082 Κονσταντινυυ-

203 3144 296 3210 πόλει
322 3145 379 3208 καί
407 3145 487 3228 μετὰ
521 3149 623 3206 ταῦτα
657 3138 804 3214 ἐναντίως
838 3149 893 3206 τοῦ
928 3143 1024 3206 τύπου
1059 3151 1117 3204 τῶν
1152 3142 1268 3226 τρεβῖιν
1294 3142 1483 3208 καταλῦσαι

64 3353 71 3363 .
204 3271 260 3332 καί
287 3268 567 3353 κατυρδόσασδαι
596 3269 654 3330 καί
682 3263 892 3346 ἐπαναγαγεῖν
922 3263 966 3337 είς
994 3267 1049 3352 τὴν
1077 3262 1284 3352 ἀφελομένην
1314 3263 1482 3332 εἶναικαὶ

205 3389 237 3457 ἐν
261 3389 284 3478 ἡ
306 3389 390 3478 ἡσαν
413 3393 628 3467 καταστάσει,
663 3391 778 3464 καύιύς
802 3387 869 3454 ἐστι
892 3390 1016 3456 δίκαιον
1039 3388 1096 3454 καὶ
1119 3387 1287 3477 ὀρείλυμεν
1312 3393 1397 3454 κατὰ
1422 3395 1482 3456 τόν

205 3515 300 3580 τύπον
327 3525 388 3579 τιῖιν
415 3515 542 3600 τρεβιῖν.
568 3511 685 3600 όμοίεις
708 3514 743 3578 δὲ
768 3518 824 3578 καί
847 3511 864 3580 6
888 3512 1052 3600 εἰρημένος
1077 3509 1330 3599 ἀπυκρισιυίριος,
1366 3515 1482 3580 σύνδι-

204 3661 264 3713 κος
297 3643 354 3704 καί
387 3637 551 3724 ἐπίτροπος
586 3636 719 3737 ὀνόματι
751 3642 808 3704 καί
835 3639 949 3724 δικαίῳ
983 3649 1037 3705 τοῦ
1072 3647 1169 3725 κυροῖ
1197 3640 1312 3714 δουκός
1339 3644 1483 3706 καὶτοῦ

204 3769 395 3852 κυομοονίυο
421 3764 572 3838 Βενετίας
600 3761 796 3852 ύπισχνεῖται
823 3761 895 3852 ἡμῖν
924 3768 980 3830 καὶ
1006 3767 1223 3856 τὴχβασιλείη
1255 3763 1343 3854 ἡμῶν
1369 3770 1484 3834 πάντα

203 3895 244 3955 τὰ
267 3888 352 3955 ἄλλα
375 3892 654 3977 καινουργὴματα,
680 3887 923 3975 ἀποστερὴυεις,
957 3885 1099 3968 ἀδικίας,
1126 3891 1394 3976 προσκρούσματα
1419 3898 1485 3958 καί

204 4019 321 4102 ζημίας
356 4018 413 4088 τὰς
448 4017 622 4100 γενομένας
655 4013 709 4078 διὰ
743 4019 799 4076 τοῖι
826 4020 926 4098 κορυιῖ
960 4013 1076 4087 δοοκός
1110 4019 1166 4078 καί
1200 4025 1255 4080 τοῦ
1282 4023 1483 4102 κυομοονίου

203 4137 354 4214 Βενετίας
382 4152 445 4213 τοῖς
474 4135 736 4224 ὑποτεταγμένοις
763 4134 835 4226 ἡμῖν
863 4137 896 4203 όν
924 4139 968 4226 τῷ
990 4139 1090 4225 καιρῷ
1111 4145 1167 4206 καί
1195 4137 1334 4206 ἀπὸτοῦ
1359 4155 1484 4230 καιροῦ

204 4277 264 4331 τιῑιν
288 4267 474 4332 τελεοταίιυν
502 4266 619 4352 τρεβιῐιν
647 4275 706 4328 τῶν
735 4269 909 4350 γενομένων
939 4265 980 4330 ἐν.
1000 4276 1038 4352 εὴ
1065 4265 1396 4333 Κιυνσταντινυοπόλει
1422 4277 1485 4336 καί

205 4394 284 4476 μετὰ
313 4399 413 4455 ταύτα
440 4388 588 4462 ἐναντίως
615 4397 670 4454 τού
698 4389 794 4453 τύπου
822 4399 880 4453 τιῑιν
910 4390 1026 4475 τρεβιῖιν
1049 4379 1230 4456 καταλῦσαι
1251 4389 1309 4456 καὶ
1331 4391 1474 4478 διορθοῖ·

205 4517 331 4578 σασύαι
365 4517 421 4579 καί
451 4512 662 4592 ἐπαναγαγεῖν
697 4511 741 4586 είς
770 4514 825 4598 τὴν
854 4511 1062 4600 όρειλομόνην
1091 4513 1170 4580 εἶναι
1197 4519 1252 4580 καί
1279 4517 1312 4582 ἐν
1340 4515 1363 4602 ἡ
1390 4513 1484 4604 ἡσαν

203 4640 417 4714 καταστάσει,
452 4639 566 4710 καθείς
594 4635 662 4702 ἐστι
689 4636 815 4702 δίκαιον
843 4640 899 4701 καί
923 4634 1087 4725 δρείλυοσι
1110 4643 1194 4704 κατὰ
1218 4641 1270 4706 τόν
1294 4641 1388 4705 τόπον
1413 4654 1483 4708 τῶν

203 4762 331 4856 τρεβῖιν.
361 4759 407 4826 ἔτι
437 4761 546 4847 όπειδὴ
580 4756 671 4846 ἡμεῖς
699 4759 716 4826 6
745 4761 895 4845 βασιλεύς
929 4765 984 4826 καί
1011 4758 1031 4848 ἡ
1060 4762 1207 4856 βασιλείᾳ
1241 4759 1330 4850 ἡμῶν
1358 4761 1483 4854 ἐνεχό-
