3148 5268
245 357 307 438 110

242 556 410 622 ναλανδών
435 563 491 620 τού
515 557 700 643 οεπτιβρίου
724 559 823 645 μηνός
850 565 906 646 τῆς
932 559 1058 646 πρώτης
1084 557 1287 632 ίνδιιιιιώνος.
1312 556 1339 622 εἰ
1362 555 1398 621 δέ
1423 554 1513 628 έντύς

243 689 299 767 ιής
326 681 473 767 τοιαύτης
503 680 633 766 διωρίας
660 689 715 745 τού
743 679 813 755 ένός
847 683 965 769 χρόνου
1000 679 1092 748 ούδίν
1126 683 1267 767 λάβωσιν
1295 679 1329 758 έξ
1356 679 1515 766 ἀκεραίου

242 803 297 890 τήν
321 787 539 890 ίιιανοτοίησιν
562 814 624 868 τών
648 799 810 891 ῥηθέντων
835 801 1015 893 ύπτρπύρων
1045 809 1131 871 ιιατά
1154 807 1208 870 τόν
1231 805 1326 870 τύπον
1348 806 1403 870 τόν
1427 802 1514 869 ἀνα-

242 929 462 1014 γεγραμμένον
489 925 519 992 οί
546 928 778 1016 διαληφθέντες
806 925 1053 1017 ἀποτεταγμένοι
1080 929 1124 1016 τῷ
1154 929 1298 1017 έπιφανεί
1331 929 1423 994 δουιιί
1455 936 1515 991 τοο

241 1056 431 1138 πουμουνίου
458 1047 625 1132 Βινετιών,
648 1053 866 1140 παρελθόντος
893 1061 949 1118 τοῦ
970 1055 1113 1120 τοιούτου
1137 1057 1253 1140 χρόνου
1279 1051 1333 1119 ἵνα
1358 1051 1515 1139 ἀνέχηται

240 1172 261 1265 ή
291 1176 438 1260 βασιλεία
467 1197 527 1262 μου
553 1185 687 1264 ποιήσαι
714 1179 836 1251 τούτοις
864 1175 896 1252 ἐξ
923 1175 1078 1263 ἀκεραίου
1109 1179 1164 1266 τήν
1195 1177 1415 1263 ίιιανοποίησιν
1448 1173 1515 1240 ἀπὸ

241 1311 296 1366 τού
321 1303 500 1387 βτστιαρίου
524 1295 621 1390 αὐτῆς
643 1299 705 1376 έως
727 1311 785 1390 τῆς
810 1299 931 1389 ύμάδος
958 1312 1014 1392 τῆς
1037 1302 1161 1368 ἀνωθεν
1189 1305 1438 1390 σημειωθείοης.
1464 1300 1516 1364 ἔτι

239 1429 311 1511 περί
340 1433 396 1511 τῆς
425 1419 581 1513 βηθείσης
609 1427 738 1512 διωρίας
765 1435 826 1492 τών
850 1427 883 1502 §t
907 1425 983 1492 έτών
1011 1435 1066 1512 τῆς
1094 1427 1208 1512 τρέβας
1235 1435 1291 1513 τῆς
1322 1424 1394 1513 ἄρτι
1417 1445 1516 1504 γενο-

244 1553 355 1636 μένης,
377 1546 431 1612 ἵνα
451 1558 602 1614 τοσοῦτον
626 1547 675 1614 έπί
696 1551 793 1614 πλέον
816 1557 930 1636 ιιαιρυδ
952 1552 1164 1636 προχωρήσῃ,
1188 1552 1335 1614 ιιαθόσυν
1359 1549 1514 1635 δηλονότι

243 1674 434 1764 ἀμφοτέροις
458 1673 589 1761 ἀρέσκει
611 1687 675 1749 τοῖς
699 1679 818 1762 μέρεσι,
843 1685 882 1763 τη
905 1698 938 1740 τε
963 1676 1112 1760 βασιλεία
1136 1697 1196 1762 μου
1220 1676 1369 1762 δηλονότι
1389 1679 1446 1740 καί
1470 1671 1518 1758 tq}

242 1798 386 1888 ἐπιφανεῖ
414 1800 505 1866 δουιιί
531 1803 588 1866 ναί
611 1801 654 1886 τῷ
675 1805 854 1886 ιιοομοονίιρ
876 1799 1036 1874 Βενετίας.
1065 1797 1142 1866 έπάν
1165 1801 1201 1866 δέ
1223 1797 1244 1886 ή
1269 1800 1417 1884 βασιλεία
1450 1821 1515 1884 μου

240 1922 260 2014 ή
285 1919 380 1998 αότός
404 1921 421 1989 ύ
445 1921 597 2013 ἐπιφανής
625 1924 700 2000 δούξ
725 1927 781 1989 ιιαί
808 1926 843 1988 τό
871 1925 1058 2010 νιουμούνιον
1088 1923 1240 1998 Βινιτίας
1264 1927 1344 2010 μετὰ
1368 1925 1424 2011 τήν
1448 1925 1516 2011 δη-

240 2049 401 2115 λωθείσοιν
428 2048 558 2134 διωρίαν
585 2057 645 2112 τών
674 2047 707 2123 δέ
730 2045 806 2112 έτών
834 2048 971 2134 θελήσει
997 2048 1148 2114 διαλύσει
1175 2047 1230 2134 τήν
1257 2049 1407 2135 τοιαύτην
1435 2051 1516 2132 τρέ-

240 2173 310 2256 βαν,
331 2168 385 2238 ἵνα
409 2171 472 2258 έχη
501 2168 548 2237 ἐπ’
576 2168 688 2245 ἀδείας
715 2169 880 2237 ὁποιονοῦν
908 2175 1002 2258 μέρος
1033 2172 1183 2237 διαλῦσαι
1209 2173 1339 2259 ταύτην,
1367 2171 1449 2257 πλήν
1474 2171 1515 2234 δὲ

240 2291 299 2360 ούιι
323 2293 440 2374 ἄλλως,
464 2293 492 2360 εί
514 2295 557 2382 μή
581 2298 790 2381 πρότεροντὸ
813 2297 957 2383 θελῆσαν
972 2300 1079 2382 ,μέρος
1102 2296 1252 2361 διαλῦσαι
1274 2291 1371 2382 αύτήν
1391 2299 1516 2381 πέμψει

239 2421 295 2483 τισί
317 2419 457 2505 δηλώσει
478 2423 536 2483 νιαί
558 2423 714 2506 γνώριμον
744 2417 801 2484 καί
824 2421 960 2508 φανερόν
981 2422 1119 2506 ποιήσει,
1143 2415 1191 2483 ύτι
1219 2413 1311 2484 ούδέν
1335 2416 1516 2505 ἀρέσκεται

205 2619 209 2630 Ι
240 2539 291 2607 έπί
312 2527 409 2608 πλέον
438 2541 611 2629 ίνίχεσθαι
637 2547 694 2609 οιαὶ
721 2545 911 2629 κρατεῖσθαι
935 2541 980 2617 τίς
1003 2538 1100 2630 αὐτήν
1123 2543 1179 2629 τήν
1203 2545 1332 2627 τρέβαν,
1361 2541 1430 2607 εἶτα
1454 2553 1516 2630 τῆς

239 2667 387 2753 τοιαύτης
415 2671 586 2754 γενομένης
614 2665 784 2754 δηλώσεως
810 2669 866 2731 οιαὶ
893 2669 1100 2754 φανερώσεως
1135 2662 1256 2755 όφείλει
1288 2669 1516 2754 προστεθῆναι

238 2793 294 2855 νιαί
315 2787 423 2877 έτερος
448 2787 650 2878 έξαμηνιαίος
673 2793 786 2877 καιρός
810 2788 853 2864 είς
876 2791 931 2878 τήν
955 2790 1101 2877 τοιαύτην
1125 2791 1249 2877 τρέβαν,
1272 2787 1316 2865 ώς
1341 2789 1379 2856 ἀν
1403 2796 1461 2856 καί
1482 2789 1516 2856 σί

238 2911 326 2989 ὄντες
358 2915 396 2979 έιι
424 2923 479 2980 τοῦ
507 2921 622 3002 μέρους
645 2923 702 3002 τής
726 2914 893 2998 βασιλείας
920 2935 981 3000 μου
1007 2913 1054 2987 είς
1081 2917 1120 2978 τά
1147 2919 1228 3001 μέρη
1258 2921 1313 2979 τού
1338 2913 1514 3004 έπιφανυύς

238 3037 353 3112 δουτιδς
375 3043 433 3105 ναί
456 3045 511 3104 τοῦ
534 3042 725 3126 τουμουνίου
747 3037 899 3112 Βενετίας
922 3041 977 3104 ταί
1000 3035 1030 3102 οί
1053 3033 1142 3111 ὄντος
1165 3035 1203 3101 έιι
1226 3047 1281 3103 του
1306 3043 1422 3126 μέρους
1447 3050 1513 3104 τῶν

236 3161 413 3230 Βενιτίπων
437 3163 482 3240 εἰς
505 3168 545 3231 τά
569 3167 649 3252 μέρη
673 3173 729 3252 τῆς
752 3163 916 3250 βασιλιίας
937 3183 998 3250 μου
1018 3163 1198 3250 δονηθώσιν
1214 3159 1407 3251 ἀποστρέψαι
1421 3163 1510 3229 έιια-

237 3311 311 3362 στος
328 3287 372 3362 τίς
396 3292 436 3354 τά
456 3287 534 3368 ίδια,
557 3293 615 3354 νιαί
639 3291 784 3375 μείνωσιν
807 3284 958 3372 ἀβλαβεῖς
981 3291 1037 3352 ιιαί
1061 3285 1191 3375 ἀζήμιοι
1214 3287 1268 3354 διὰ
1283 3297 1340 3376 τής
1355 3291 1510 3376 τοιαύτης

235 3411 366 3499 διωρίας
389 3417 449 3478 τών
473 3415 506 3489 δέ
530 3423 645 3500 μηνῶν.
670 3419 771 3479 ταῦτα
792 3415 910 3488 πάντα,
935 3407 997 3476 ὅσα
1021 3409 1053 3477 έν
1077 3411 1119 3498 τῷ
1139 3415 1269 3498 παρόντι
1296 3409 1511 3502 ὁρκωμοτινιῲ

235 3536 520 3624 διαλαμβάνονται,
556 3538 674 3624 στέρξω
700 3540 757 3602 τιαί
783 3537 912 3625 φυλάξει
934 3531 954 3624 ή
979 3536 1127 3620 βασιλεία
1151 3557 1226 3622 μου,
1261 3537 1377 3610 καθώς
1407 3537 1510 3604 παίύ

236 3657 389 3750 ἐπιφανής
412 3661 487 3737 δούξ
509 3657 658 3736 Βενετίας
687 3661 797 3748 μέλλει
824 3655 920 3733 αύθις
949 3661 1034 3724 νιατά
1061 3662 1114 3725 τόν
1135 3658 1204 3726 ἴσον
1231 3664 1346 3747 τρόπον
1371 3673 1509 3751 ποιῆσαι

235 3791 395 3874 γραφῆναι
422 3781 531 3872 ὅμοιον
560 3781 776 3872 όριιωμοτοιόν
804 3786 903 3870 τούτῳ
929 3787 986 3850 παί
1017 3781 1243 3870 έπομόσασθαι
1278 3781 1355 3851 αότό
1387 3784 1438 3853 έπί
1465 3799 1508 3875 τη

237 3912 326 3998 ψυχῇ
354 3905 451 3975 αὐτού
478 3912 534 3974 ιιοιί
556 3917 624 3982 ταῖς
653 3913 769 3995 ψυχαῖς
791 3909 907 3980 παντὸς
936 3914 990 3972 τοῦ
1019 3911 1132 3992 μέρους
1154 3911 1210 3972 τιαί
1233 3917 1288 3973 τού
1311 3916 1508 3996 νιουμουνίοο

235 4030 385 4107 Βενετίας
419 4037 504 4098 οιατά
531 4033 588 4119 τήν
614 4032 725 4097 τούτου
759 4033 932 4119 συνήθειαν
967 4029 1095 4096 ἐνώπιον
1123 4039 1179 4096 του
1203 4029 1373 4119 ἀνθρώπου
1396 4031 1417 4121 ή
1443 4045 1507 4100 τών

234 4155 411 4243 ἀνθρώπων
434 4167 494 4222 τών
518 4156 696 4243 μελλόντων
720 4151 939 4242 ἀποσταλῆναι
962 4152 1011 4220 ἐπί
1034 4156 1133 4241 τούτῳ
1155 4159 1242 4242 παρὰ
1262 4165 1318 4243 τῆς
1335 4159 1506 4241 βασιλείας

232 4275 322 4368 ήμών
344 4283 401 4346 καί
426 4278 609 4346 ἀποστεῖλαι
632 4276 709 4345 αὐτό
733 4277 778 4352 τίς
801 4279 856 4366 τήν
880 4277 1044 4362 βασιλείαν
1063 4275 1166 4367 ήμών,
1190 4281 1305 4355 καθώς
1329 4279 1422 4358 έταεε
1446 4288 1507 4348 τιαί

234 4399 402 4492 ύιτισχέθη
430 4408 487 4470 καί
515 4403 640 4490 στέρξαι
667 4404 723 4467 καί
748 4411 891 4489 κυρῶσαι
916 4405 1019 4466 πάντα
1045 4405 1102 4467 καί
1128 4399 1252 4468 έπαστα
1281 4407 1321 4468 τὰ
1346 4400 1504 4492 ῥηθέντα.

232 4529 350 4593 τούτων
380 4525 435 4593 οόν
464 4532 589 4594 πάντων
619 4523 727 4594 ένενιεν
754 4529 790 4591 τό
819 4528 919 4613 παρόν
950 4519 1165 4612 ὁρκωμοτοιόν
1193 4525 1327 4616 ἐξετέθη
1350 4534 1408 4594 νιαί
1432 4529 1506 4612 ἐγε-

233 4654 320 4732 γόνει
336 4653 571 4740 χρυσόβουλλον
587 4657 644 4738 τῆς
668 4651 834 4736 βασιλείας
859 4648 928 4736 μου,
952 4652 1008 4716 ταί
1031 4647 1218 4736 ἐπωμόσατο
1243 4661 1335 4718 τοῦτο
1358 4650 1379 4740 ἡ
1404 4653 1504 4738 βασι-

233 4774 305 4840 λεία
321 4797 382 4864 μου
396 4780 558 4864 παρόντων
583 4776 714 4842 ένώπιον
732 4771 830 4862 αύτής
846 4783 901 4839 τού
917 4793 950 4839 τε
965 4749 1184 4862 περιποθήτου
1206 4777 1299 4841 θείου
1322 4787 1379 4865 της
1403 4779 1504 4863 βασι.
