3182 5264
1306 431 1343 493 ll

85 642 152 704 μου,
175 619 213 706 ήν
238 618 355 685 ἐκεῖνοι
378 625 491 695 πάντες
512 622 553 686 δι’
576 618 661 708 όμων
684 627 760 709 πρὸς
786 619 882 708 αίιτήν
908 622 1150 700 ἐξαπέστειλαν,
1174 627 1229 686 καί
1253 631 1345 686 τοῦτο

84 745 241 832 διείληπτο
265 757 303 831 τη
328 757 435 833 γραφή
470 746 613 825 ἐκείνων,
648 746 700 812 ’ίνα
724 753 763 812 τά
787 747 935 813 λείποντα
969 744 1058 832 όμεῖς
1087 745 1349 834 άναπληρόοηττ,

84 877 168 932 τοῦτο
205 866 371 957 ἐγγράφως
406 875 462 934 καί
498 869 634 957 ἐνόρκως
660 876 715 936 καί
739 871 793 936 διά
817 881 877 935 τῶν
902 869 1090 958 ὑπογραφῶν
1125 867 1209 956 ὑμῶν
1245 872 1347 953 διεβε-

83 993 283 1073 βαιιόσασθε,
319 991 361 1067 ὣς
385 997 487 1059 πάντα
511 999 550 1060 τά
572 992 644 1082 παρ’
669 993 797 1060 ἐκείνων
822 997 1076 1082 συμφωνηθέντα
1105 995 1182 1079 πρός
1209 995 1265 1080 τήν
1290 996 1351 1076 βα-

82 1118 198 1180 σιλείαν
235 1139 296 1203 μου
331 1123 386 1183 καί
421 1121 475 1183 τόν
508 1123 724 1207 περιπόθητόν
760 1141 820 1206 μου
855 1119 921 1184 οίόν
955 1124 1011 1183 καί
1046 1120 1182 1202 βασιλέα
1210 1123 1265 1182 καί
1297 1119 1350 1203 τήν

83 1237 256 1326 Ῥωμανίαν
280 1242 321 1306 δι’
344 1239 441 1328 ὅρκου
464 1248 579 1318 πάντες
615 1244 645 1309 οἱ
680 1243 805 1308 ἔποικοι
840 1253 895 1308 τυό
922 1247 1063 1329 κάοτρου
1086 1247 1142 1308 καί
1165 1251 1221 1328 τής
1244 1245 1352 1327 χώρας

83 1364 203 1451 Πίοσης
228 1367 507 1450 διεβεβαιιόσαντο,
526 1366 569 1441 ὡς
584 1367 637 1433 ἵνα
660 1369 840 1457 φυλάττωσι
864 1369 980 1452 βέβαια
1002 1371 1059 1431 καί
1083 1364 1350 1452 ἀπαράθραυστα,

82 1486 122 1560 τίς
145 1500 211 1553 νοεῖ
234 1500 334 1554 ταῦτα
357 1488 378 1579 ή
404 1493 552 1576 βασιλεία
588 1514 648 1578 μου
684 1492 728 1566 είς
763 1490 919 1579 ὠφέλειαν
952 1497 1008 1556 καί
1043 1493 1134 1576 τιμήν
1171 1475 1353 1576 αότήςκαί

83 1622 135 1676 τοῦ
158 1618 376 1701 περιποθήτου
412 1615 479 1681 οἱοῦ
513 1611 611 1704 αότής
634 1621 690 1680 καί
712 1625 768 1702 τής
791 1620 902 1702 χώρας
926 1625 981 1682 τοῦ
1011 1619 1148 1701 κράτους
1180 1611 1268 1702 ἡμῶν
1294 1635 1351 1700 με-

82 1738 183 1825 γάλης
208 1759 240 1802 τε
264 1744 321 1803 καί
344 1743 445 1826 μέσης
480 1739 537 1806 καί
571 1738 722 1828 ἐσχάτης.
747 1739 788 1804 δι’
810 1740 848 1827 ήν
872 1737 926 1805 οὖν
961 1737 1141 1804 έτυπάσατε
1178 1742 1291 1811 πάντες
1323 1735 1354 1802 οἱ

83 1863 206 1927 Ιἔποικοι
241 1874 296 1928 τοό
332 1867 474 1948 κάστροο
497 1871 554 1930 καί
577 1875 633 1952 τής
656 1870 765 1952 χώρας
789 1865 912 1951 Πίσσης
947 1865 1113 1952 φυλάττειν
1146 1869 1250 1929 πίστιν
1275 1865 1353 1948 πρός

81 1988 136 2072 τήν
161 1988 326 2070 βασιλείαν
350 1984 440 2074 ήμῶν
462 1992 520 2054 καί
543 1991 597 2075 τήν
621 1986 808 2076 Ῥωμανίαν,
834 1988 973 2054 έτόπωσε
997 1993 1053 2053 καί
1075 1986 1095 2074 ἡ
1121 1988 1270 2072 βασιλεία
1294 2009 1354 2072 μου

83 2112 139 2175 διὰ
161 2121 217 2176 τοό
240 2115 397 2196 παρόντος
421 2113 661 2198 χρυσοβοόλλοο
690 2114 802 2194 λόγου,
833 2111 885 2178 ἵνα
917 2113 1065 2178 διδόνται
1096 2108 1132 2177 οὐ
1162 2115 1256 2197 μόνον
1281 2107 1352 2196 παρ’

83 2231 181 2322 αὐτῆς
206 2246 261 2322 τής
287 2238 452 2320 βασιλείας
488 2259 548 2324 μου
572 2236 605 2302 ἐν
629 2249 668 2324 τη
692 2242 758 2323 ζωή
782 2239 913 2324 ταύτης,
951 2235 1035 2300 άλλόι
1069 2240 1125 2302 καί
1148 2240 1229 2322 μετὰ
1252 2240 1353 2320 παρέ-

81 2361 187 2424 λεοσιν
222 2356 321 2448 αὐτῆς
355 2365 441 2446 παρά
471 2369 526 2426 τοῦ
552 2364 771 2448 περιποθήτου
800 2383 860 2446 μου
884 2359 952 2426 υἱοό
981 2371 1036 2426 τοό
1063 2363 1355 2450 πορφυρογεννήτου

80 2489 139 2548 καί
162 2486 335 2567 βασιλέως,
359 2494 457 2572 κοροό
481 2483 639 2564 Ἰωάννου,
667 2497 705 2574 τη
730 2483 777 2550 ἐπ’
800 2483 933 2572 ὀνόματι
956 2495 1011 2572 τής
1035 2482 1211 2570 ὑπεράγνοο
1234 2487 1355 2548 θεοπό-

80 2631 141 2673 κοο
176 2607 336 2696 ἐκκλησία
370 2619 426 2696 τής
462 2609 585 2698 Πίοσης
619 2611 699 2676 καθ’
721 2607 859 2676 ἕκαστον
888 2610 959 2684 ἔτος
988 2615 1171 2696 νομίσματα
1197 2605 1356 2695 ὁπέρπυρα

82 2737 274 2818 τετρακόσια
296 2737 354 2798 καί
378 2733 512 2818 βλαττίοι
535 2735 606 2811 δόο,
631 2733 674 2820 τῷ
696 2735 936 2822 θεοφιλεστάτη
965 2731 1205 2820 ἀρχιεπισκόπιρ
1230 2733 1355 2819 Πίσσης

81 2863 265 2944 νομίσματα
289 2853 386 2944 ὅμοια
409 2855 565 2944 ἑξήκοντα
587 2861 643 2922 καί
667 2859 812 2942 βλαττίον
837 2859 880 2936 έν,
904 2856 1086 2944 Λαμπέρτω
1110 2859 1153 2943 τῷ
1174 2869 1281 2944 κριτῇ,
1315 2858 1358 2942 τῷ

82 2981 238 3068 Καρλέτιρ
272 2985 328 3046 καί
352 2983 395 3068 τῷ
416 2981 544 3048 ’Ἄθωνι
577 2981 760 3069 νομίσματα
782 2979 879 3068 ὅμοια
914 2980 1039 3060 ίκατόν,
1071 2986 1128 3046 καί
1152 2985 1233 3068 μετά
1255 2986 1356 3066 παρέἈ

84 3107 191 3170 λευσιν
215 3108 333 3170 τούτων
370 3103 423 3170 ’ίνα
457 3107 609 3172 διδῶνται
633 3107 711 3192 πρός
739 3108 794 3193 τήν
821 3103 1006 3192 ἐκκλησίαν.
1031 3110 1227 3191 κομμέρκιον
1253 3105 1297 3178 είς
1320 3108 1356 3169 τό

84 3231 295 3315 εἰσαγόμενον
325 3227 398 3315 παρ’
426 3227 512 3316 ὑμῶν
543 3233 721 3318 χρυσάφιον
751 3233 808 3294 καί
839 3227 977 3315 ἀσήμιον
1008 3225 1044 3294 οό
1069 3230 1112 3316 μή
1135 3233 1296 3316 παρέχητε
1321 3232 1357 3292 τό

84 3356 226 3442 σόνυλονδ
250 3351 297 3443 ἐφ’
325 3351 374 3427 αίς
410 3353 555 3434 είσάγετε
589 3359 823 3440 πραγματείαις
857 3352 919 3418 ἀπό
947 3363 1003 3440 τής
1038 3358 1146 3440 χώρας
1180 3349 1266 3438 όμιόν
1301 3357 1358 3418 καί

84 3479 145 3544 τίπό
182 3477 358 3564 ἀλλοτρίων
392 3489 504 3565 χοιρίον
540 3489 600 3542 τῶν
625 3480 668 3565 μή
693 3474 907 3558 ὑποκειμένων
931 3489 970 3565 τή
993 3477 1149 3544 δουλώσει
1183 3487 1238 3563 τῆς
1262 3479 1357 3561 βασι-

83 3605 173 3678 λείας
197 3625 273 3689 μοο,
308 3600 361 3669 ἵνα
384 3608 546 3690 παρέχητε
582 3606 667 3670 κατὰ
694 3601 889 3668 εἰκοσιπέντε
914 3603 947 3667 έν
970 3604 1056 3688 λόγῳ
1079 3608 1279 3689 κομμερκίου
1302 3605 1359 3666 καί

83 3730 191 3794 πλεῖον
217 3725 318 3792 οὐδέν.
337 3727 445 3792 σκάλα
460 3725 514 3792 ἵνα
536 3728 622 3815 δοθή
647 3723 726 3814 όμίν,
751 3725 784 3792 έν
808 3725 831 3814 ή
855 3727 1007 3813 μέλλουσι
1029 3727 1192 3813 καταίρειν
1209 3731 1248 3791 τὰ
1263 3727 1359 3791 πλοῖα

85 3847 172 3938 όμῶν
207 3856 264 3916 καί
289 3847 306 3914 ό
329 3855 445 3938 φόρτος
468 3849 691 3935 ἐκβάλλεσθαι
725 3852 842 3916 τούτων
864 3854 920 3916 καί
947 3854 1139 3916 κατατόπιον
1174 3860 1229 3916 τοό
1252 3871 1357 3936 πραγ-

84 3979 287 4062 ματεύεσθαι
312 3975 488 4063 ἐπιτήδειον
517 3979 573 4041 καί
596 3975 805 4062 ἐνδεχόμενον
830 3980 910 4062 μετὰ
933 3975 1130 4064 οἰκημάτων,
1161 3974 1215 4041 ἵνα
1238 3975 1357 4042 ἀποτε-

84 4105 167 4188 θήτε
202 4103 260 4174 τὰς
294 4105 514 4186 πραγματείας
549 4095 633 4186 ὑμῶν
668 4103 724 4164 καί
747 4105 958 4187 καταμίνητε.
994 4097 1143 4174 ὡσαύτως
1179 4103 1236 4164 καί
1261 4097 1295 4163 έν
1319 4110 1358 4185 τη

86 4225 251 4312 άγιωτάτη
285 4225 411 4312 μεγάλη
439 4222 599 4311 ἐκκλησία
625 4232 680 4289 τυό
711 4227 805 4302 θεοῦ,
841 4237 879 4312 τή
907 4222 1002 4310 Ἀγίφ
1028 4223 1144 4313 Σοφία,
1180 4224 1359 4311 δοθήσεται

85 4345 155 4436 ίμῖν
182 4356 272 4435 παρά
300 4357 355 4414 τοῦ
384 4346 562 4429 άγιιοτάτου
589 4351 786 4436 πατριάρχου
813 4352 907 4422 τόπος
935 4347 979 4424 είς
1007 4352 1127 4428 στάσιν,
1158 4352 1214 4414 καί
1236 4347 1283 4421 εὶς
1306 4349 1359 4412 τόν

84 4475 283 4561 ἱππόδρομον
317 4472 370 4540 ἵνα
404 4475 490 4562 δοθη
515 4471 584 4562 ὁμίν
606 4477 814 4552 κατατόπιον,
850 4473 933 4540 ἔνθα
969 4475 1100 4561 μέλλετε
1128 4477 1303 4560 καθῆσθαι
1326 4471 1359 4536 έν

84 4596 192 4686 ἡμέρη
217 4598 422 4684 ἱπποδρόμου.
448 4597 475 4662 εί
498 4600 684 4686 κοορσευθή
707 4599 815 4664 πλοῖον
839 4594 925 4684 ὑμῶν
949 4595 982 4662 έν
1006 4609 1045 4684 τῇ
1069 4603 1160 4684 χάρη
1183 4605 1239 4684 τής
1264 4599 1359 4682 βαστ-

86 4725 176 4796 λείας
211 4744 273 4808 μου
308 4725 365 4786 καί
398 4719 606 4786 άπολεσθῶσι
631 4725 670 4786 τά
692 4723 864 4806 πράγματα
899 4717 985 4806 ὑμῶν
1020 4718 1239 4807 ἀφαιρεθέντα
1272 4723 1360 4807 παρά

89 4867 178 4925 τινων
202 4857 261 4912 τῶν
287 4841 347 4912 ὑπὸ
375 4843 430 4932 τήν
461 4845 626 4929 βασιλείαν
660 4866 722 4932 μου
753 4841 864 4924 ὄντων,
899 4841 952 4932 ἵμα
974 4855 1050 4932 ποιῇ
1073 4840 1143 4932 ὑμῖν
1166 4840 1186 4933 ή
1211 4843 1362 4931 βασιλείαΙ
