3148 5268
1271 382 1315 454 93

53 577 463 671 szsspefflvtmvjzpawdwv
497 581 718 672 ἱκανυποιήται
746 581 763 651 ὁ
791 585 846 672 τήν
876 568 997 672 βλύβην
1027 586 1151 650 παύιύν.
1177 581 1230 649 ἵνα
1257 581 1313 650 ίάν

51 707 164 792 συμβῇ,
182 701 261 792 ὅπερ
285 701 322 770 οὐ
346 708 389 792 μή
413 709 481 792 δοίη
505 709 598 784 θεὸς,
620 713 688 774 τινὰ
705 709 874 774 Βτνὲτικον
890 715 1042 797 ρονεύσαι
1064 712 1133 774 τινὰ
1148 707 1313 795 Ῥωμαῖον,

51 829 64 893 ύ
85 838 227 903 τοιοῦτος
250 829 418 903 Βενετικος
442 837 586 918 κρίνηται
609 836 695 918 παρὰ
718 841 773 920 της
797 834 962 916 βασιλείας
985 829 1085 920 ἡμῶν·
1114 830 1170 896 ίάν
1193 833 1229 896 δὲ
1252 831 1314 897 Βε-

50 961 164 1032 νίτικσς
202 955 300 1022 ἀλλον
335 955 502 1022 Βινίτικον
536 960 675 1045 ροντύση
703 955 791 1032 ίντός
818 968 875 1046 της
901 957 1263 1032 Κωνσταντινουπύλιως
1293 956 1313 1045 ἤ

50 1080 132 1154 ἐκτὸς
157 1089 215 1166 τῆς
246 1079 622 1160 Κωνσταντινουπόλεως,
658 1089 802 1170 κρίνηται
830 1077 924 1158 οὗτος
948 1087 1035 1168 παρὰ
1058 1091 1114 1148 τού
1138 1083 1314 1169 μπαίούλου

48 1203 138 1290 ᾐτού
162 1213 274 1291 κριτοῦ
297 1203 317 1292 ἢ
341 1213 397 1270 τού
420 1206 536 1292 δικαίῳ
561 1202 736 1272 αὐτοῦτοῦ
760 1204 851 1281 ὄντος
875 1207 920 1281 τίς
944 1211 984 1272 τά
1008 1209 1089 1294 μύρη
1118 1204 1233 1273 ἐκείνα.
1260 1204 1313 1271 ἵνα

48 1351 74 1391 τε
98 1327 246 1414 ἀπολύση
269 1325 290 1415 ή
315 1329 464 1413 βασιλεία
491 1326 580 1416 ἡμῶν
607 1333 727 1403 πάντας
758 1331 832 1404 τούς
855 1331 1149 1419 πιρυλακισμίνυυς
1178 1335 1235 1396 καί
1256 1353 1312 1396 κε·

47 1457 259 1540 κρατημίνυυς
287 1453 476 1528 Βινετίκους
504 1453 577 1528 τούς
606 1452 639 1518 ἀν
666 1458 786 1526 πιίσαις
820 1463 887 1528 ταῖς
916 1458 1035 1542 χώραις
1062 1463 1118 1541 τῆς
1148 1456 1313 1540 βασιλείας

47 1573 143 1663 ημῶν,
181 1579 264 1643 ἔνθα
293 1575 331 1642 ἀν
358 1575 418 1642 ὦσι
440 1583 688 1664 κεκρατημένοι,
723 1576 775 1643 ἵνα
799 1599 832 1642 τε
862 1575 1007 1664 ἀπολύσῃ
1037 1583 1094 1643 καί
1118 1576 1135 1643 ύ
1160 1579 1314 1668 λπιρανής

48 1701 115 1776 δούε
137 1706 195 1766 καί
226 1705 261 1766 τύ
292 1704 482 1787 κουμούνιον
512 1711 570 1789 τῆς
600 1701 751 1776 Βενετίας
784 1705 905 1775 ποίντας
932 1702 1004 1775 τούς
1033 1700 1222 1789 Ῥωμαίους,
1259 1703 1313 1778 υύς

48 1825 170 1910 ἔχουσιν
200 1824 245 1898 είς
276 1829 332 1898 τὰς
359 1827 507 1914 ρυλακάς
530 1823 632 1890 αὐτῶν
655 1823 729 1898 τούς
751 1829 835 1890 κατὰ
859 1827 972 1898 τύπους
994 1831 1254 1912 κεκρατημένους
1278 1827 1311 1890 ἔν

48 1971 73 2012 τε
95 1961 133 2036 τῇ
158 1948 272 2036 Κρήτη
299 1953 402 2036 νήσιμ,
431 1949 464 2014 ὲν
492 1961 531 2038 τῇ
555 1949 705 2036 Κορώνη,
735 1959 774 2035 πή
797 1947 938 2034 Μεθώνη
967 1954 1023 2014 καί
1045 1959 1086 2037 πή
1108 1946 1232 2037 Εὐρίπῳ
1255 1955 1312 2015 καί

47 2072 73 2136 ὲν
95 2073 186 2159 ἄλλῳ
213 2077 298 2159 τύπῳ
321 2077 529 2152 πιασθὲντας,
551 2072 729 2160 ἐλεούίρως
759 2077 817 2138 καί
847 2071 1098 2160 ἀνεμποδίστως,
1123 2073 1259 2142 κοιλίαν
1283 2074 1313 2140 οἱ

47 2194 196 2284 ῥηύὲντες
224 2195 377 2284 Ῥωμαῖοι
404 2199 587 2286 θελήσωσιν
616 2197 784 2284 ἀπυμείναι
810 2201 888 2283 πρύς
912 2219 981 2262 τινα
1011 2208 1072 2262 τῶν
1103 2197 1312 2286 ύηλωύιισῶν

47 2333 162 2408 χωρῶν,
187 2319 240 2388 ἵνα
262 2323 488 2410 φυλάσσονται
510 2327 596 2408 παρὰ
619 2331 681 2386 τῶν
704 2319 879 2387 Βενετίκων
903 2319 1044 2408 ἀζήμιοι,
1067 2320 1125 2386 ἐὰν
1147 2323 1183 2387 δὲ
1206 2323 1311 2410 θελή-

48 2452 138 2512 ύωσιν
165 2447 272 2512 ἐλθεῖν
297 2447 341 2521 τίς
365 2451 421 2522 τὰς
445 2451 553 2534 χώρας
584 2457 641 2535 της
665 2448 832 2530 βασιλείας
853 2443 943 2533 ήριῖιν
966 2450 1047 2534 μετὰ
1070 2457 1132 2511 τῶν
1154 2448 1312 2536 ραμιλιων

48 2573 155 2653 αὐτῶν,
190 2573 245 2638 ἵνα
280 2575 435 2662 ἔρχονται
470 2573 649 2648 ἀκωλύτως.
686 2573 734 2638 ἔτι
772 2571 809 2638 ού
849 2574 891 2659 μή
927 2577 1073 2660 κρατήοη
1109 2569 1130 2661 ή
1162 2573 1311 2658 βασιλεία

47 2699 123 2786 ημῶν
147 2701 168 2790 ἦ
194 2705 399 2788 κρατηθῆναι
426 2703 547 2788 ποιήση
570 2697 591 2786 ἢ
617 2699 791 2784 ἀποστείλη
814 2697 833 2786 ή
860 2697 1044 2764 ἀποστεῖλαι
1071 2702 1191 2786 ποιήσῃ
1218 2700 1310 2774 ξύλον

48 2827 199 2907 βενετικόν
227 2829 304 2910 πρός
333 2847 362 2889 τι
391 2829 485 2910 μέρος
514 2822 605 2896 ἐκτὸς
633 2830 689 2886 τοῦ
719 2823 905 2909 θελήματος
934 2818 1037 2887 αύτῶν
1061 2822 1105 2896 τίς
1125 2834 1231 2888 πᾶσαν
1254 2824 1310 2908 τήν

48 2951 204 3031 βασιλείαν
228 2943 323 3034 ἀρίαν.
356 2946 409 3012 ἵνα
436 2945 472 3012 ού
498 2950 540 3034 μή
570 2950 793 3033 παραχωρήση
817 2943 841 3033 ἡ
861 2947 1010 3030 βασιλεία
1040 2943 1130 3034 ἡμῶν
1158 2951 1311 3028 γενεσθαι

49 3073 222 3159 ἀρμοίτωοιν
250 3077 318 3138 τινὰ
349 3078 434 3137 κατὰ
464 3083 525 3137 τιῖιν
549 3071 723 3138 Βενετίκων
759 3070 803 3144 εἰς
833 3073 889 3158 τήν
919 3077 1026 3158 χώραν
1057 3083 1113 3160 της
1144 3073 1311 3156 βασιλείας

48 3195 137 3282 ἡμῶν·
173 3196 229 3262 ἐὰν
258 3199 293 3262 δέ
321 3219 368 3267 τις
393 3201 493 3284 ίημίσι
522 3201 651 3282 γίνηται
680 3197 760 3280 πρὸς
788 3195 860 3268 τούς
889 3193 1074 3269 Βενετίκυυς
1097 3193 1118 3283 ή
1140 3199 1219 3282 πρός
1242 3215 1311 3260 τινα

49 3327 165 3402 τούτων,
189 3321 242 3388 ἵνα
266 3325 441 3408 ύιορθύιται
464 3331 557 3386 τοῦτο
580 3317 600 3408 ἡ
625 3320 773 3405 βασιλεία
797 3317 896 3407 ἡμῶν·
920 3319 976 3420 {av
1000 3321 1035 3386 δύ
1052 3341 1132 3394 τινες
1156 3322 1310 3406 βενέτικυι

49 3453 226 3535 κουρσοίριοι
249 3451 424 3534 ποιήσωσιν
448 3451 565 3533 ζημίαν
588 3449 657 3510 τινὰ
682 3444 726 3518 τίς
749 3445 805 3530 τήν
829 3449 936 3532 χώραν
957 3454 1012 3532 της
1029 3447 1195 3530 βασιλείας
1210 3443 1309 3535 ἡμῶν,

49 3569 91 3636 ἶνα
118 3573 270 3659 ἐνεχηται
294 3569 311 3635 ύ
336 3571 509 3656 μπαίούλος
532 3591 552 3656 η
577 3567 594 3633 b
617 3569 725 3654 κριτής
753 3565 773 3654 ἢ
798 3566 815 3633 ὁ
839 3567 955 3653 δικαίῳ
984 3565 1086 3636 αὐτῶν
1110 3568 1127 3635 ὁ
1149 3566 1226 3658 ύπλρ
1255 3565 1311 3636 αύ-

49 3707 100 3760 των
127 3695 171 3762 ὢν
201 3693 306 3760 ἐκεῖσε
342 3695 430 3780 καλή
464 3697 568 3757 πίστει
595 3697 651 3758 καί
680 3689 765 3777 ὅρκῳ
795 3689 869 3756 ἄνευ
897 3692 994 3757 δόλου
1018 3690 1172 3779 εὑρίσκειν
1196 3691 1311 3768 αὐτούς

49 3825 97 3884 καί
118 3831 247 3906 κρατεῖν
271 3822 326 3882 καί
348 3828 447 3882 ποιεῖν
472 3815 637 3902 ὲκύίκησιν
661 3815 706 3888 είς
730 3817 803 3888 τούς
826 3819 1021 3904 ποιήσαντας
1046 3820 1081 3882 τύ
1102 3827 1240 3905 κούρσον
1255 3822 1311 3885 καί

50 3941 181 4030 ἐπαίρειν
199 3947 238 4008 τὰ
258 3945 430 4028 πράγματα
446 3936 549 4005 αὐτων
572 3943 627 4003 καί
651 3937 843 4004 ίιιανοποιεῑν
866 3951 930 4013 τοῖς
954 3938 1133 4008 ἀπολέσασι
1156 3945 1191 4008 τύ
1207 3952 1311 4030 πρᾶγ·

51 4091 87 4150 μυ
109 4065 229 4142 αὐτῶν,
253 4066 328 4134 ἄνευ
352 4077 412 4130 τῶν
437 4064 610 4129 Βενετίκων
635 4073 694 4128 τῶν
726 4066 925 4149 κρατούντων
956 4067 1012 4130 καί
1042 4074 1200 4152 κρατήσαι
1231 4067 1310 4154 μελ·

51 4193 157 4258 λον-των
183 4191 221 4257 ἐκ
245 4203 306 4256 τῶν
328 4193 432 4277 νήσων
456 4200 516 4253 τῶν
542 4189 584 4276 μή
609 4184 866 4274 ύποτεπαγμίνων
890 4191 934 4274 τῷ
962 4187 1056 4254 ύουκὶ
1082 4193 1139 4254 καί
1166 4191 1209 4277 τῷ
1231 4212 1309 4257 κοτι-

51 4325 157 4405 μουνίῳ
192 4317 352 4391 Βενετίας.
366 4313 430 4380 ι’ίνα
454 4314 508 4380 ἐὰν
534 4311 566 4389 ἐξ
590 4311 689 4378 ἀλλου
724 4315 804 4378 λαοῦ
827 4313 848 4402 ή
873 4315 911 4378 ἐκ
934 4323 1006 4393 τῶν,
1031 4311 1074 4390 ὣς
1097 4313 1233 4403 εἴρηται,
1267 4315 1309 4406 μή

51 4437 301 4528 ὁποτεταημενων
330 4435 437 4514 αὐτοῖς
461 4443 564 4526 νήσων
587 4435 708 4524 καὶτῷ
730 4441 907 4524 κυομουνίιμ
932 4447 987 4525 τῆς
1013 4435 1162 4514 Βινετίας
1186 4439 1311 4506 ἔλθωσι

53 4572 227 4654 ιουρσάριοι
255 4569 341 4632 κατὰ
367 4573 428 4629 των
458 4572 569 4650 χωρῶν
593 4571 650 4648 της
673 4562 838 4646 βασιλείας
866 4559 970 4649 ήμῶν,
999 4559 1035 4626 ού
1063 4565 1109 4652 μή
1136 4565 1309 4653 παραλαμ-

55 4689 162 4769 βύνωσι
184 4693 313 4762 τούτους
336 4687 461 4762 εἰςτὰς
485 4691 594 4773 χώρας
618 4681 720 4750 αύτιῐιν
743 4689 800 4750 καί
820 4688 877 4759 τὰς
901 4687 1033 4772 νήσους,
1050 4686 1136 4754 ἀλλ’
1159 4685 1211 4754 ἵνα
1234 4689 1310 4756 δού-

56 4831 126 4877 κιισι
147 4819 202 4880 καί
224 4814 493 4898 καταπολεμῶσιν
518 4806 646 4886 αὐτούς,
671 4806 714 4882 ὣς
736 4812 793 4874 καί
816 4807 846 4874 τί
870 4807 933 4874 ἀπὸ
955 4818 1011 4876 τού
1032 4814 1147 4898 μίμους
1170 4821 1225 4902 της
1249 4815 1310 4897 βο»
