3148 5268
233 367 275 435 52

229 584 296 650 ριυν
330 571 550 653 κατεχόμενον
586 572 673 653 παρὰ
708 567 845 644 Λίυντος
874 578 929 634 τοῦ
959 569 1183 656 Στροβιλιάτου
1215 571 1265 634 ἰπί
1289 567 1504 658 ίμρυτειίματι

229 686 407 774 όπερπόριιν
431 696 596 777 τεσσάρων
617 693 671 756 διά
703 696 737 756 τό
768 698 941 782 κτισθῆναι
971 694 1043 780 παρ’
1069 691 1175 758 αὐτοῦ.
1200 697 1276 780 πρός
1300 695 1503 780 μεσημβρίαν

229 822 283 878 τοῦ
308 813 339 878 ἐν
365 826 402 901 πή
426 829 577 902 καταρχη
601 821 775 905 γραφόντος
799 817 938 906 ἐδάφους
960 823 1016 882 καί
1038 831 1171 884 κατίοον
1200 827 1256 904 τής
1271 837 1502 902 Ισυμπαρακει-

230 943 326 1024 μίνης
352 936 482 1025 ῥυμίδυς
505 941 708 1015 οἰγιοοτάσιον
732 943 786 1008 διά
818 945 1017 1026 κουβοόκλυυ
1045 946 1179 1011 διπάτυυ
1206 945 1263 1008 καί
1291 935 1505 1029 τρικλιναρίου

223 1061 372 1142 Ιὀινυγίου
399 1068 477 1149 πρός
496 1067 594 1128 δόσιν
623 1069 702 1150 μετὰ
736 1071 792 1130 καί
826 1063 970 1152 ἡλιακῶν
1003 1073 1059 1131 καί
1095 1066 1278 1152 ἰξυστάρυν
1301 1069 1504 1152 καταχότυν,

229 1193 415 1274 χαμαιγίων
439 1190 497 1253 δόο
523 1193 601 1274 πρός
625 1189 740 1276 άρκτον
764 1197 820 1254 καί
847 1193 1031 1276 περιπυλίου
1054 1193 1258 1277 πρόςδόσιν,
1283 1197 1504 1277 κατεχόμενον

227 1315 314 1396 παρὰ
350 1322 405 1376 τοῦ
439 1313 578 1387 Λίοντος
613 1325 667 1378 τοῦ
704 1313 928 1400 Στροβιλιάτυυ
949 1314 1006 1382 Ιἰαί
1033 1315 1160 1401 ἐνοικίῳ
1186 1313 1369 1401 δπερπίιρινν
1392 1317 1442 1401 ιη’·
1467 1319 1504 1377 τό

228 1436 263 1503 δί
298 1442 484 1522 περίμετρον
520 1441 637 1502 τούτων
672 1441 741 1524 ἔχει
777 1449 882 1524 μήκος
917 1444 1023 1526 μίχριλ
1044 1445 1101 1504 καί
1130 1450 1190 1503 τῶν
1217 1444 1294 1523 πρός
1320 1441 1409 1514 δόσιν
1442 1450 1505 1502 τῶν

229 1559 413 1646 οἰκημάτων
438 1569 493 1646 τής
516 1559 654 1649 Ὑψηλης
676 1566 791 1649 πήχεις
814 1564 862 1627 κδ’
885 1568 940 1628 καί
961 1565 1082 1637 πλάτος
1108 1573 1162 1628 τυό
1191 1562 1423 1651 όσπητοτοπίου
1447 1568 1506 1632 καί

228 1688 325 1769 μόνου
370 1690 464 1772 μέχρι
507 1695 563 1772 τῆς
584 1682 733 1772 ’ῥυμίδος
771 1697 826 1774 τῆς
865 1689 1049 1774 διαιρούσης
1088 1693 1126 1752 τά
1165 1689 1278 1752 δίκαια
1316 1697 1372 1752 τοῦ
1409 1691 1506 1760 βείου

227 1817 305 1872 ναοί
334 1818 390 1895 τῆς
424 1807 518 1889 ἁγίας
545 1810 723 1896 δυνάμεως
746 1815 860 1898 πήχεις
894 1810 987 1875 όκτοί.
1017 1815 1168 1892 σόνεγγος
1197 1819 1253 1875 καί
1272 1815 1359 1897 πρός
1383 1811 1506 1896 όρκτον

228 1941 283 1996 τοῦ
309 1929 465 2020 βηθίντος
499 1945 685 2020 κωπαρικοό
720 1935 899 2022 οἰκήματος
934 1931 1100 2022 οἰκήμασιν1
1125 1934 1407 2015 ἁνυγεωκατιδγεα
1431 1943 1505 2020 τρία

228 2057 281 2120 διά
316 2060 544 2144 τρικλιναρίυυΙ
565 2060 735 2148 διαραίρυυ
762 2064 801 2124 τὰ
832 2066 925 2146 μίχρι
954 2065 1009 2125 καί
1034 2069 1089 2124 τοῦ
1119 2061 1312 2146 νεροδρόμυυ
1335 2069 1390 2124 τοί
1415 2061 1504 2124 διαι-

227 2189 356 2264 ροῦντος
380 2185 418 2246 τὰ
443 2181 607 2269 οἰκήματα
627 2192 687 2268 τής
716 2183 940 2269 Περιβλίπτου·
965 2189 1004 2247 τὰ
1035 2186 1152 2248 τούτων
1182 2189 1332 2263 κατὼγεα
1363 2182 1409 2256 εἰς
1432 2205 1504 2246 κυν-

225 2309 346 2388 παρικά
382 2305 591 2392 ἐργαστήρια,
627 2309 662 2370 τό
686 2308 721 2370 δὲ
749 2310 869 2380 πλάτος
898 2312 1013 2372 τούτων
1042 2307 1121 2382 ἀπό,
1140 2318 1194 2394 ιης
1213 2311 1306 2392 ἰπρός
1341 2305 1506 2378 ἀνατολὰς

218 2425 357 2514 Ιγλομίδυς
381 2435 437 2494 καί
468 2435 545 2516 πρός
576 2433 665 2497 δόσιν
696 2435 811 2519 πήχεις
843 2431 930 2498 δκτιδ
957 2429 1065 2518 ἥμισυ,
1096 2437 1301 2519 κατεχόμενα
1331 2437 1419 2516 παρὰ
1444 2443 1504 2497 τοῦ

224 2551 452 2639 Μακρυγίνους
477 2554 525 2620 ἐπί
550 2555 675 2642 ἐνυικίιρ
704 2553 884 2643 ὑπεραίρων
908 2555 1092 2631 εἰκοσιενός.
1117 2561 1194 2643 πρός
1218 2559 1419 2643 μεσημβρίαν
1443 2566 1505 2642 της

225 2669 336 2743 διόδου
364 2690 419 2768 της
447 2685 524 2767 πρός
547 2683 636 2747 δόσιν
664 2687 721 2748 καί
750 2695 881 2748 κατίσυν
905 2693 960 2748 τοῦ
984 2687 1216 2769 προγεγονότας
1240 2681 1383 2768 ἐμβόλου
1403 2682 1505 2769 οἰκή-

226 2803 406 2887 ματα-δύο,
434 2803 484 2868 ιδν
508 2810 547 2870 τὰ
570 2811 722 2886 κατόγεα
747 2807 792 2880 εἰς
819 2811 987 2892 κυπαρικὰ
1023 2806 1218 2893 ἐργαστήρια
1254 2810 1292 2870 τὰ
1309 2812 1416 2891 ’μέχρι
1445 2812 1506 2872 καί

225 2933 281 3010 τῆς
298 2921 428 3012 ῥομίδος
449 2937 504 3015 τῆς
525 2928 718 3016 εἰσαγοόσης
735 2930 779 3004 εἰς
795 2933 830 2994 τὸ
848 2933 964 2994 τυότιυν
987 2929 1166 3015 περίπολον,
1187 2934 1396 3016 κατεχόμενα
1412 2933 1504 3014 παρὰ

227 3062 287 3116 τῶν
312 3047 475 3138 ῥηδὲντιον
499 3053 690 3140 Ὀψικιάνων
722 3054 771 3120 ἐπὶ
795 3053 841 3139 tq?
861 3059 1072 3142 προγραφόντι
1095 3053 1222 3138 ἰνυικίῳ
1247 3066 1306 3118 τῶν
1331 3055 1505 3118 δεκαοκτὼ

226 3173 416 3262 τλπερπόρουν.
440 3177 652 3264 πρὸςᾶρκτυν,
669 3187 724 3243 τοῦ
740 3181 999 3264 περιορισδίντυς
1015 3177 1154 3263 ἐμβόλου
1170 3183 1226 3245 καί
1243 3187 1299 3265 τῆς
1317 3175 1414 3264 αι’)τής
1430 3181 1505 3246 διό-

225 3302 283 3365 δου
306 3306 363 3365 καί
387 3297 520 3373 ὄπισθεν
544 3312 605 3366 τῶν
629 3310 693 3366 τοο»
708 3301 838 3366 Παατοιί
863 3299 1047 3388 οἰκημάτων
1063 3299 1185 3387 οἰκημα
1203 3299 1343 3380 ἀνώγεον
1359 3302 1413 3366 διὰ
1430 3325 1504 3387 τρι-

206 3421 389 3510 ’κλιναρίου
413 3420 609 3512 όποοραίροο
633 3427 669 3488 τό
695 3423 756 3490 ἀπό
780 3433 836 3510 τῆς
858 3433 1012 3511 περιοχῆς
1035 3433 1090 3488 τυό
1113 3434 1315 3509 μαγκυπικοῦ
1337 3426 1505 3511 ἐργαστη-

217 3551 294 3633 Ιρίου
327 3549 563 3634 πλατυνόμενον
597 3546 668 3612 κατ’
703 3547 838 3634 ἰσότητα
862 3551 917 3610 καί
941 3545 979 3611 δι’
1004 3545 1081 3633 ὅλης
1105 3555 1161 3633 της
1185 3547 1248 3612 ἀπό
1276 3557 1331 3612 τοῦ
1359 3546 1505 3632 ἐμβόλου

226 3667 456 3747 εἰσοδυεξόδου,
482 3673 515 3735 ἰν
540 3671 565 3757 ᾧ
587 3675 643 3738 καί
670 3673 707 3735 τό
731 3677 839 3758 φρέαρ.
855 3675 929 3735 ’καί
957 3673 1044 3756 πρὸς·
1062 3669 1222 3742 ἀνατολὰς
1245 3673 1357 3736 τούτου
1377 3676 1437 3735 καί
1462 3670 1505 3735 ὲκ

221 3795 361 3874 πλαγίου
385 3806 446 3859 τῶν
468 3805 527 3862 τοῦ
542 3793 672 3860 Παστοΐν
694 3796 878 3882 οἰκημάτων
901 3796 1114 3880 τρικλινάριον
1138 3793 1292 3875 ἀνώγεον,
1315 3793 1352 3860 οὗ
1376 3800 1411 3862 τά
1435 3817 1506 3860 κα·-

220 3925 342 4002 τιόγεον
367 3921 412 3996 εἰς
435 3923 581 3986 σταῡλυν.
607 3927 646 3986 τὰ
671 3923 705 3985 δέ
730 3941 766 4000 γε
790 3931 847 4006 τῆς
867 3921 1122 4006 πρυσεπιδόσεας
1138 3930 1194 3985 τοῦ
1210 3931 1262 3985 νον
1277 3935 1506 4009 προσποιητοῦ

222 4050 469 4131 προστάγματος
492 4045 553 4110 εἰσί
576 4055 686 4110 ταῦτα·
709 4048 787 4130 πρός
811 4047 1011 4131 μεσημβρίαν
1036 4053 1092 4130 τῆς
1122 4055 1276 4132 περιοχῆς
1311 4055 1365 4109 τοῦ
1401 4045 1505 4131 ἐμβό-

223 4168 280 4233 λοῦ
309 4174 362 4236 καί
390 4168 461 4234 κατ’
490 4168 623 4258 ἰσότητα
648 4172 759 4234 τούτου
783 4167 946 4256 οἰκήματα
971 4169 1227 4249 ἀνυγεοκάτυγα
1259 4175 1329 4255 τρία
1352 4171 1504 4254 διρρυτό-

224 4311 345 4370 σκεπα,
374 4291 416 4357 ὧν
440 4296 475 4357 τό
500 4292 636 4358 ἐνοίκιον
660 4298 842 4380 νομίσματα
867 4291 898 4357 δ’
919 4296 998 4378 πρός
1022 4294 1063 4378 τῴ
1085 4291 1209 4380 ἡμίσει,
1240 4294 1434 4381 διαφέροντα
1458 4307 1504 4382 πῇ

225 4427 307 4502 μονή
331 4425 387 4502 τῆς
411 4415 558 4504 Ὑψηλῆς.
585 4416 715 4503 ἀντικρὺ
732 4421 847 4482 τούτων
869 4421 925 4481 καί
947 4416 984 4481 ἐκ
1006 4417 1143 4496 πλαγίου
1167 4425 1222 4502 εής
1248 4412 1503 4505 βυμίδοςοίκή-

224 4535 310 4626 ματα
345 4543 469 4608 δίπαι·αΔ
485 4543 511 4606 δ’
536 4544 592 4606 διὰ
621 4546 840 4629 τρι-κλιναρίων
870 4548 1110 4627 ζογωματικῶν,
1148 4538 1190 4604 ὧν
1213 4541 1248 4604 τό
1274 4539 1413 4619 ἐνοίκιον
1442 4544 1504 4608 σιλν

225 4675 290 4737 τοῖς
326 4670 517 4751 μεσοπάτοις
553 4672 609 4732 καί
644 4681 707 4741 τοῖς
740 4671 917 4746 κατιογόσις
941 4663 1043 4730 αὐτῶν
1071 4662 1238 4751 ὁπόρπυρα·
1263 4665 1412 4732 εἰκοσιὲν.
1444 4673 1506 4732 καὶ

224 4792 300 4878 πρός
324 4789 485 4863 ’ἀνατολὰς
514 4795 631 4856 τοιίτυν
666 4793 876 4878 τρικλινοίριον
908 4788 1131 4876 ίογωματικδν
1159 4791 1381 4878 διηρημίνον,··
1400 4788 1438 4856 αὖ
1463 4798 1505 4858 τὸ
