3114 5264
1254 381 1322 450 25¹!

63 597 127 654 γους
150 588 240 643 τινῶν
265 584 320 644 καί
343 577 495 667 ἠφάνισεν
519 590 622 646 τούτο·
648 591 700 646 νῦν
716 582 751 646 δὲ
773 579 875 668 ἡλύεν
898 584 975 666 πρὸς
1000 581 1054 668 τήν
1078 577 1235 668 ἡμετέραν
1262 577 1321 646 αύ-

62 705 198 768 δεντείαν
219 701 403 768 ἱκετεύοντα
425 706 689 792 παρακλητικως,
714 701 797 779 ὅπως
820 709 1002 791 ποιήσωμεν
1026 707 1121 790 χάριν
1144 709 1201 769 καί
1222 705 1321 786 ἔλεος,

63 825 104 890 ύτι
128 831 168 892 νά
195 831 380 916 ποιήσωμεν
414 823 569 915 ἡμέτερον
596 831 793 915 πριβελέηιον
821 831 897 914 πρύς
927 825 1036 907 αύτύν,
1065 825 1173 896 ἕνεκεν
1201 832 1322 908 τούτου,

59 947 124 1037 ύπὲρ
158 955 297 1040 ήυχικής
332 957 490 1040 σωτηρίας
518 961 574 1018 τού
598 957 776 1040 μακαρίτου
809 949 899 1040 ἡμῶν
935 949 1092 1018 αύδέντου
1119 957 1175 1020 καί
1203 957 1321 1041 πατρὸς

59 1073 205 1160 Φράηηου
227 1079 279 1142 ντί
303 1075 500 1164 Ἀτίαίιύλης
516 1081 691 1164 χαρίζομεν
706 1081 763 1140 καί
778 1071 1005 1162 εύερηετούμεν
1020 1079 1097 1164 πρύς
1113 1082 1150 1142 σί
1166 1080 1221 1144 τύν
1237 1077 1321 1142 ἅνω-

58 1201 108 1262 ύεν
123 1198 297 1287 Γρηγύριον
313 1203 366 1266 τύν
382 1199 545 1288 Χαμάχην
562 1210 617 1266 τού
640 1203 679 1266 νά
703 1199 787 1266 είσαι
811 1199 873 1266 ἀπὸ
897 1201 952 1286 τήν
977 1203 1115 1288 σήμερον
1138 1200 1196 1266 καί
1210 1203 1322 1268 παιδία

59 1331 110 1386 τῶν
136 1324 272 1388 παιδίων
301 1345 359 1389 σου
387 1322 560 1412 ἐλεύθερος
584 1329 639 1422 καί
668 1323 936 1398 ἀκαταδούλωτυς
964 1325 1028 1390 ἀπὸ
1055 1328 1161 1414 πάσης
1189 1323 1321 1412 ύπαροι-

58 1450 122 1520 κίας
146 1467 181 1512 τε
204 1447 400 1536 δουλοσύνης
423 1448 480 1514 σύν
503 1459 563 1516 τῶν
586 1454 743 1514 παντοίων
769 1451 962 1534 πραγμάτων
986 1458 1042 1535 τής
1066 1447 1241 1538 άδαλρικής
1265 1471 1323 1516 σου

57 1571 194 1656 μερίδος,
229 1583 365 1660 κινητῶν
394 1595 426 1638 τε
453 1571 511 1638 καὶ
539 1572 711 1660 ἀκινήτων,
746 1569 897 1645 ιδσαύτως
919 1576 976 1636 καί
1001 1573 1056 1638 σύν
1079 1582 1135 1638 τοῦ
1159 1595 1322 1661 μονοστη-

55 1701 116 1780 ρίου
138 1706 196 1784 τῆς
220 1693 396 1782 ύπεραηίας
420 1700 588 1786 δεσποίνης
617 1695 707 1786 ἡμῶν
734 1698 895 1764 δευτύκυυ
922 1702 978 1762 καί
1007 1697 1221 1785 άειπαρύίνου
1248 1699 1322 1766 δία-

55 1825 117 1904 ρίας
139 1829 198 1908 τῆς
221 1819 476 1910 Μαρινιωτίσσης
504 1827 561 1888 καί
589 1823 646 1887 σύν
673 1833 734 1886 των
761 1829 916 1888 παντοίων
940 1827 1086 1909 ψυχικῶν
1108 1827 1165 1887 τιαί
1188 1825 1322 1888 δικαίων

55 1940 145 2032 αὐτῆς
174 1942 218 2010 ιύν
247 1950 402 2032 κέκτηται
431 1947 487 2032 τήν
515 1950 669 2036 σήμερον,
693 1949 749 2012 καὶ
773 1951 812 2012 τὰ
837 1947 972 2033 μίλλοον
997 1945 1134 2036 ἀριερεῖν
1158 1946 1188 2012 οἱ
1210 1947 1318 2034 ριλεο-

55 2071 150 2152 σεβεῐς
171 2075 360 2156 χριστιανοί,
384 2069 469 2136 ἀλλὰ
489 2071 530 2158 δή
546 2075 603 2136 καί
627 2071 682 2135 σύν
706 2079 762 2158 τῆς
785 2072 915 2157 μερίδος
938 2093 996 2136 σου
1020 2081 1075 2135 τοῦ
1100 2069 1233 2136 στασίυο
1257 2071 1320 2138 άπύ

54 2196 156 2260 σιίλου
191 2205 247 2282 ιής
273 2194 486 2282 τετιμημένης
512 2199 630 2283 κύρτης
658 2207 717 2262 τιύν
746 2207 838 2282 τριῶν
870 2197 924 2282 τήν
954 2193 1120 2282 ἀασκυπήν
1150 2203 1205 2259 τού
1233 2195 1321 2282 ἔχειν

53 2317 237 2393 ἑτεξοοσίως
253 2330 309 2384 τού
324 2321 447 2400 πωλεῖν,
472 2320 657 2406 δωρεῖσθαι,
682 2319 922 2396 ἁνταλλάττειν,
947 2319 979 2384 δν
999 2323 1099 2406 προιξί
1119 2320 1242 2385 διδύναι
1266 2326 1321 2386 καί

52 2437 122 2528 ύπὲρ
147 2449 288 2530 ήυχικής
305 2450 463 2530 σωτηρίας
483 2448 682 2508 παντάπασιν
704 2455 802 2510 ποιεῖν
821 2443 991 2517 ἀκωλύτως
1007 2449 1063 2508 καὶ
1080 2441 1320 2530 ἀνεμποδίστως

52 2563 107 2630 ιἰτύ
127 2575 186 2632 τοῦ
202 2571 241 2632 νὰ
266 2567 346 2632 εἶναι
370 2566 432 2632 ἀπὸ
449 2570 505 2654 τήν
522 2571 662 2654 σήμερον
686 2566 759 2634 υύτε
782 2565 872 2655 ἡμεῖς
895 2566 917 2656 ἡ
941 2567 1038 2642 ἄλλος
1062 2567 1169 2654 ἕτερος
1193 2569 1321 2634 δικαίου

50 2687 131 2775 ἡμῶν
161 2689 182 2778 ἡ
211 2693 412 2778 κληρονόμος
443 2695 499 2757 καί
527 2693 681 2778 διάδοχος
709 2693 849 2765 κάτολυς
876 2690 964 2779 ἡμῶν
1000 2691 1146 2778 κάμμίαν
1175 2689 1321 2768 ἐξουσίαν

50 2817 100 2878 καί
130 2817 304 2902 κυριύτητα
334 2815 384 2880 ἐπί
413 2819 449 2880 σὲ
477 2820 533 2880 καί
560 2817 695 2882 παιδίων
723 2819 812 2900 [τῶν]
842 2817 976 2882 παιδίων
1004 2839 1062 2880 σου
1090 2821 1146 2881 καί
1175 2817 1231 2882 σύν
1260 2827 1320 2880 τῶν

49 2945 200 3006 παντοίων
226 2962 285 3004 σου
306 2945 515 3028 πραγμάτων,
547 2940 590 3014 ὡς
614 2940 786 3029 εἰρήκαμεν
815 2939 975 3028 ἀνωτέρω,
1001 2941 1085 3006 ἀλλὰ
1113 2947 1170 3006 καί
1198 2941 1321 3028 μάλλον

49 3063 126 3128 ἔστω
151 3067 205 3130 σοί
227 3069 372 3153 ρροίηηος
395 3063 567 3151 ἐλεύθερος
590 3069 647 3131 καί
669 3067 783 3132 παιδία
806 3076 868 3130 τῶν
890 3066 1022 3131 παιδίων
1046 3088 1105 3130 σου
1129 3063 1191 3132 ἀπὸ
1215 3069 1320 3154 πάσης

49 3185 235 3275 ύπαροικίας
258 3212 291 3254 τε
316 3191 520 3277 δουλοσύνης,
546 3187 608 3256 άπύ
628 3213 663 3256 τε
687 3189 841 3276 ἐηηαρίας
863 3196 1047 3269 κανισκίων,
1072 3201 1319 3278 μουστυροριῶν,

49 3312 320 3400 ἐλαιοπαρουχίων
348 3317 404 3378 καί
437 3312 552 3400 ἑτάρων
587 3314 692 3379 ἄλλων
728 3317 872 3402 τοιαύτης
908 3311 1096 3402 ύπαροικίας
1130 3319 1318 3402 αρονομίων,

48 3437 240 3524 διορίζοντα,
267 3441 389 3511 πάντας
415 3439 487 3512 τούς
510 3435 683 3525 ἡμετέρους
706 3437 943 3528 ύρρικιαλίυος,
967 3441 1140 3528 διαδόχους
1163 3441 1320 3513 κοτύλους

49 3566 100 3626 καί
124 3564 346 3649 κληρονόμους
369 3559 469 3650 ἡμῶν,
495 3563 626 3636 οἵτινες
651 3563 713 3650 ἄρα
738 3569 793 3630 καί
816 3563 887 3640 εἶεν,
912 3575 967 3630 τού
995 3563 1137 3651 στέργειν
1159 3569 1215 3628 καί
1239 3587 1319 3651 συμ-

47 3687 212 3770 φυλάττειν
237 3689 272 3752 τύ
295 3689 396 3772 παρόν
423 3683 575 3774 ἡμέτερον
599 3689 796 3772 πριβελὲηιον
820 3687 876 3753 καὶ
898 3686 971 3775 παρ’
1001 3684 1108 3762 αύτυῖς
1135 3687 1320 3764 ἔξεκυυσεύ-

47 3831 92 3872 σιν
121 3806 215 3876 ούδίν
243 3809 379 3899 συμβαίη
408 3809 590 3899 εύρεδήναι·
620 3814 673 3876 διὰ
701 3817 761 3899 γὰρ
790 3814 961 3900 διορισμων
989 3811 1148 3900 ἡμετέρων
1178 3812 1319 3894 ἐγεγόνει

45 3939 98 3998 καί
121 3939 243 4024 γραφὲν
267 3933 299 4000 ἐν
323 3933 482 4024 Ἀθήναις
504 3939 561 4000 καί
584 3936 639 4000 διὰ
661 3938 887 4023 περισσοτέραν
915 3937 1093 4025 ἀσφάλειαν
1122 3941 1178 4001 καί
1207 3939 1318 4021 βεβαί-

45 4081 118 4124 ωσιν
136 4057 327 4146 ίβοολλιύδη
348 4057 405 4123 καὶ
427 4061 481 4124 διὰ
504 4061 561 4146 τής
585 4056 741 4146 ἡμετέρας
764 4063 914 4124 κάτωθεν
938 4069 1120 4147 κρεμαστής
1144 4061 1262 4148 βούλης
1286 4059 1319 4124 ἐν

45 4187 153 4270 μηνί
187 4181 432 4270 αύηούστιρ
468 4185 494 4257 ς’
527 4187 605 4248 καὶ
638 4183 907 4250 ὶνδικτιῶνι
943 4183 989 4249 ιε’
1024 4183 1157 4259 ἔτους
1192 4187 1289 4252 6945.

129 4334 174 4388 Ex
193 4337 296 4406 οτάρύα.
326 4335 467 4389 tabularii
493 4335 675 4389 Ιύύοαεοίίαιιί
695 4335 781 4389 edidit
804 4335 935 4396 Βααύονι,
966 4335 1136 4391 Βιαύετοίιοε
1160 4334 1190 4390 2.
1215 4334 1272 4389 447
1293 4346 1318 4390 ιι
1349 4295 1354 4302 ¹

43 4461 141 4512 ι’ίινωπι
156 4459 307 4514 Νοιινείίιε
323 4459 493 4516 lemma
510 4459 539 4515 2.
559 4457 630 4515 296¹.
