3148 5268
1247 377 1307 446 131

65 569 94 634 ἐκ
118 569 261 646 Βενετίας
289 569 529 660 ἀποκρισιαρίοο
557 581 611 638 τοῦ
635 569 782 654 εὐγενοῦς
805 575 913 658 κυρίοο
943 569 1077 658 Μιχαίγλ
1099 577 1154 636 τοῦ
1180 567 1307 636 Παντο-

62 697 171 768 λέοντος
205 696 259 760 έπί
291 698 401 784 φιλικῇ
437 695 546 762 ένῦσει
573 699 629 762 καί
656 697 810 783 δεξιότητι
832 699 889 760 καί
912 695 1180 782 σομβιβασμάτιιν
1203 713 1306 758 κατα·
1408 725 1414 736 ·

63 823 157 884 στάσει
184 823 242 884 καί
267 820 444 908 περιληψετ,
480 823 573 888 καθὰ
595 817 615 908 ἡ
639 821 893 908 χρυσοβουλλικη
926 817 1047 886 ἐκείνου
1078 818 1308 908 κεφαλαιωδῶς

61 940 270 1022 ίπεγκελεόετο
285 947 463 1030 πρόσταξις,
485 949 638 1034 γενομένη
662 943 695 1010 έν
719 949 792 1032 μηνί
814 945 935 1010 ίουλίου
957 943 1016 1010 λνό.
1042 943 1068 1028 β’
1090 952 1145 1010 τοῦ
1167 962 1194 1030 ,ς
1210 967 1235 1008 ιο
1251 963 1273 1008 κ
1286 938 1309 1016 ζ’

61 1068 146 1144 ἔτους,
170 1064 210 1156 ης
233 1072 269 1134 τό
292 1068 360 1136 ἶσον
385 1069 417 1136 έν
441 1081 504 1145 τοις
529 1072 737 1157 βεστιαρικοίς
760 1075 968 1158 καταστίχοις
990 1079 1045 1158 τῆς
1070 1070 1234 1152 βασιλείας
1250 1090 1311 1155 μου

61 1193 269 1278 ἐγγέγραπται.
299 1193 406 1282 ἐπειδὴ
435 1205 510 1276 γοῦν
538 1200 594 1262 καί
627 1193 740 1260 έλίκαν
769 1193 935 1282 ἀνωμαλία
962 1197 1018 1260 καί
1045 1193 1088 1280 τῷ
1118 1195 1231 1281 μακρῷ
1256 1201 1312 1258 τοῦ

59 1329 160 1404 καιροῦ
183 1324 219 1386 τό
243 1342 276 1385 τε
301 1321 538 1408 χρυσόβοολλον
563 1319 665 1386 έκιίνο
689 1321 875 1409 διέφθαρτο,
899 1323 955 1384 καί
976 1315 996 1406 ἡ
1021 1316 1059 1384 έκ
1074 1315 1312 1404 Τραπεζοῦντος

59 1453 108 1508 τῶν
133 1442 309 1509 Βενετίκιον
336 1449 534 1510 κατέπαυσεν
564 1445 687 1520 έλευσις
717 1448 829 1530 τρόπον
858 1443 892 1508 δν
914 1441 1020 1508 ἴσασιν
1044 1439 1073 1506 οἱ
1095 1442 1223 1520 πολλοὶ,
1258 1441 1313 1504 διὰ

59 1569 219 1674 ρροντίόσςι
246 1565 294 1632 ότι
327 1570 449 1656 πολλῆς
485 1566 611 1658 οὐσαὴ
647 1569 793 1654 βασιλεία
818 1590 892 1655 μου,
929 1565 1105 1654 ἀπεδέχετο
1134 1570 1190 1632 καί
1220 1561 1315 1640 αὐθις

57 1693 172 1766 τοῦτους
199 1693 340 1758 κατιδεῖν
369 1693 519 1758 ένταυθοί
548 1697 604 1759 καί
628 1701 684 1780 τῆς
708 1692 746 1758 έκ
769 1693 885 1758 τούτων
918 1689 1154 1776 ἀπολαμβάνειν
1187 1683 1310 1762 εὐνοίας

57 1819 103 1880 καί
134 1819 262 1904 φιλικῆς
298 1816 425 1906 ἀγάπης
453 1824 509 1884 καί
536 1819 721 1896 δεξιώσεος,
750 1823 806 1882 καί
833 1817 873 1902 θη
901 1817 1147 1900 τοιουτοτρόποις
1174 1812 1311 1900 ἐχόντων

56 1949 105 2004 τείν
130 1943 514 2027 πραγμάτων·κατέλαβε
543 1953 603 2007 τῶν
626 1939 688 2007 ἀόε
711 1939 728 2006 ό
753 1937 881 2028 εὐγενὴς
909 1937 1016 2026 άρχυιν
1039 1941 1096 2004 καί
1119 1936 1311 2022 ἀποκρισιά-

56 2085 110 2145 ριος
144 2065 204 2148 σόρ
239 2063 438 2152 Γοολιάρμος
472 2063 630 2153 Μιχέλης,
666 2063 856 2138 ἀποσταλεά
890 2067 978 2148 παρὰ
1012 2071 1068 2128 τοῦ
1101 2070 1312 2141 πανευγενοῦς

56 2191 99 2250 καί
135 2189 491 2277 μεγαλεπιρανεστάτου
529 2189 645 2264 θουκός
682 2187 832 2260 Βενετίας
875 2191 984 2272 κυρίου
1025 2183 1217 2271 Λαυρεντίου
1255 2193 1311 2248 τοῦ

56 2307 167 2398 Τίέλση
193 2310 251 2378 καὶ
272 2317 359 2398 παρὰ
382 2323 437 2378 τοῦ
462 2309 608 2393 εὐγενοῦς
634 2313 808 2396 μπαίοόλου
825 2309 1186 2382 Κοινσταντινουπόλεεος
1201 2311 1310 2394 κυρίου

55 2432 194 2520 ’λνόρέσυ
221 2434 331 2522 Κοορη
359 2440 415 2502 καί
441 2447 501 2502 τῦν
536 2433 632 2502 αὐτοῦ
660 2434 827 2516 εὐγενικῦιν
857 2432 1018 2522 ἀρχόντων
1045 2437 1101 2498 καί
1125 2433 1310 2516 βουλευτῶν,

55 2561 99 2620 καί
121 2558 324 2646 ἀνείητησαν
348 2561 403 2646 την
428 2558 591 2647 άναόοχην
615 2563 670 2624 καί
694 2557 820 2646 ἀγάπην
844 2563 899 2626 καί
922 2556 1046 2624 εὐνοιαν
1070 2565 1125 2643 τῆς
1146 2555 1309 2641 βασιλείας

55 2703 112 2764 μου,
135 2687 197 2748 καί
222 2681 275 2748 ἵνα
302 2687 495 2770 ποιήσωνται
518 2687 574 2748 καί
601 2684 695 2748 πάλιν
724 2678 811 2748 οὗτοι
839 2683 981 2748 ένσαῦθα
1005 2691 1044 2768 τῇ
1067 2677 1232 2766 εὐδαίμονι
1254 2685 1311 2744 καί

54 2807 258 2893 θεορυλάκτιρ
292 2809 383 2874 πόλει
415 2807 653 2895 Τραπεζοῦντος
687 2810 742 2895 την
771 2809 896 2874 σκάλαν
929 2805 1031 2872 αὐτῶν
1070 2809 1163 2874 καθά
1194 2810 1250 2872 καί
1281 2803 1310 2868 οἱ

54 2928 216 2997 Γενοοίται.
241 2933 297 3019 τὴν
321 2930 502 3022 ἀποστολήν
525 2937 581 2999 καί
604 2935 639 2998 τά
667 2943 810 3000 τοιοῦτον
834 2930 935 2998 αὐτῶν
967 2930 1227 3019 ἀποκρισιαρικύν
1254 2935 1310 2996 καί

54 3059 83 3118 τίι
109 3058 297 3144 μηνυθέντα
332 3061 499 3145 ζητήματα
534 3056 677 3144 ἀσμένοις
703 3063 809 3126 πάντα
834 3057 891 3124 καὶ
926 3067 1075 3145 χαροπεῦς
1109 3053 1129 3144 ἡ
1162 3057 1309 3140 βασιλεία

54 3199 101 3262 μου
125 3181 373 3268 προσδεξαμένη
401 3183 454 3246 τόν
480 3186 622 3268 παρόντα
655 3184 772 3269 ταότης
807 3183 1046 3270 χροσόβουλλον
1073 3182 1169 3260 λόγον
1202 3177 1308 3260 αὐτοῖς

54 3301 243 3388 ἐπορέγεται,
272 3301 312 3369 δι’
341 3301 377 3368 οὐ
405 3303 464 3370 καί
489 3303 652 3395 ὐρείλουσι
685 3309 720 3370 τό
756 3305 818 3370 ἀπό
854 3307 945 3371 τοῦόε
975 3303 1019 3379 ἀς
1044 3303 1076 3382 έξ
1099 3301 1230 3391 ὁρισμοῦ
1254 3312 1309 3391 τῆς

55 3429 208 3508 βασιλείας
233 3451 294 3514 μου
317 3427 347 3493 οἱ
371 3438 506 3496 τοιοῦτοι
530 3425 667 3511 εὐγενεῖς
691 3428 802 3516 ἀνδρες
829 3435 885 3496 καί
907 3430 1018 3494 δοῦλοι
1040 3431 1143 3494 πιστοί
1170 3437 1226 3514 τῆς
1255 3422 1308 3490 εὐ-

54 3552 195 3640 ίαίμονος
221 3552 373 3627 Βενετίας
408 3553 470 3620 ἀπό
505 3555 652 3642 μεγάλων
685 3552 746 3630 έιος
781 3564 900 3640 μικρῶν
930 3559 1037 3640 πάσης
1072 3551 1128 3618 καί
1157 3555 1309 3624 παντοίας

56 3673 210 3766 ἀναόυχῆς
233 3682 290 3742 καί
325 3675 449 3752 εὐνοίας
474 3677 660 3762 ἀπολάβωσι
686 3686 742 3765 τῆς
772 3677 833 3744 ἀπὸ
861 3688 917 3766 τῆς
952 3679 1117 3762 βασιλείας
1145 3699 1219 3763 μου,
1253 3681 1309 3742 καί

55 3797 187 3882 ἀπάγουσι
222 3805 280 3866 καί
315 3801 471 3888 έρχτυνται
505 3803 649 3868 ένταῦθα
672 3807 728 3868 καί
752 3800 784 3866 έν
808 3799 868 3888 ὅλη
893 3813 931 3888 τῇ
959 3806 1050 3888 χώρα
1078 3803 1195 3887 ταύτης
1223 3802 1308 3885 θαρ-

55 3927 177 4006 ροῦντας
204 3929 308 4013 πάντη
332 3923 389 3990 καὶ
410 3935 588 4012 προσηνῶς,
619 3925 665 3992 ἔτι
692 3926 727 3990 δὲ
753 3923 924 3999 ἀκυλότυς
947 3930 1002 3990 καί
1027 3923 1309 4011 ἀπαρεμποθίστος

54 4049 330 4138 όαιρυλαττόμενοι
365 4048 397 4114 έν
432 4046 492 4136 ὅλη
527 4061 566 4138 τῇ
602 4054 694 4136 χιόρα
727 4058 784 4134 τῆς
808 4051 973 4133 βασιλείας
996 4071 1057 4136 μου
1082 4053 1138 4116 καί
1159 4061 1223 4122 τοῖς
1245 4051 1308 4114 κοί-

55 4195 146 4261 στροις
172 4173 287 4264 αὐτῆς,
320 4175 366 4240 ἔτι
389 4175 424 4240 θέ
450 4187 516 4249 ταῖς
539 4178 710 4250 πολιτείαις
734 4179 791 4240 καί
814 4189 877 4249 τοῖς
901 4178 1054 4262 συνήθεσι
1082 4176 1204 4261 λιμέσιν
1232 4171 1308 4239 ἀνε-

55 4304 210 4390 νόγλητοι,
242 4299 553 4368 ἀκαταόυνάστευτοι
579 4306 636 4366 καί
659 4299 774 4390 ἄφοβοι
802 4297 863 4366 ἀπό
888 4323 920 4364 τε
952 4310 1008 4388 της
1041 4301 1206 4384 βασιλείας
1238 4271 1308 4385 μου,

55 4437 99 4490 τῦν
134 4425 301 4515 ἀρχόντων
335 4429 391 4490 καί
426 4427 615 4514 κεραλάῦιυν
651 4447 726 4512 μου,
756 4435 814 4488 τῶν
850 4428 1026 4509 κατέργων,
1061 4425 1224 4510 καραβίιυν
1254 4426 1310 4487 καί

55 4549 153 4637 ἑτέραν
186 4555 338 4618 τοιούτων
366 4551 463 4627 ξόλιυν
496 4573 570 4636 μου,
605 4547 702 4637 ἤγουν
733 4552 789 4614 καί
812 4544 901 4613 αὐτοί
923 4553 980 4614 καί
1004 4550 1038 4612 τό
1062 4550 1179 4634 προσόν
1203 4544 1309 4620 αὐτοῖς

55 4673 195 4766 ίιάρορσν
219 4675 277 4742 καὶ
298 4685 446 4742 παντοῖον
468 4685 611 4761 πρᾶγμα,
635 4678 674 4738 τὰ
697 4675 848 4758 κάτεργα,
873 4675 912 4736 τὰ
935 4672 1077 4757 καράβια
1100 4677 1157 4738 καί
1178 4679 1310 4736 τοιαῦτα

57 4797 143 4870 τύτῦν
172 4801 271 4889 έτερα
300 4802 377 4879 ξόλα
404 4797 461 4865 καί
488 4800 541 4866 διὰ
563 4801 660 4886 ξηρός
684 4801 740 4866 καί
762 4799 815 4864 διὰ
838 4797 1026 4884 θαλάσσης,
1061 4801 1117 4872 καί
1140 4793 1310 4876 εὐθεάζτοαι

1058 4904 1073 4966 ρ
1092 4903 1109 4945 ε
