3182 5264
1301 343 1381 404 xlx

197 534 562 623 stomomate,
592 534 635 601 tu
659 533 839 622 Χριστῷ
862 535 917 621 τῷ
942 533 1033 620 θεῷ
1056 535 1222 608 πιστὸς
1251 533 1380 618 βασι-

104 659 216 733 λεὺς
238 664 319 725 καὶ
346 655 652 746 αὐτοκράτωρ
675 656 921 744 Ῥωμαίων,
944 655 1127 731 docte<
1153 655 1380 738 Ἄτταλος

106 780 356 869 Kopuuptdc
390 779 408 848 ὁ
441 781 777 860 Παλαιολόγος
811 783 842 862 †.

196 907 392 974 Documenta
411 906 630 995 imperatorum
652 903 930 994 Trapezuntiorum
952 923 1022 972 cum
1042 901 1138 972 rebus
1157 903 1298 992 publicis
1317 905 1381 976 lta-

103 1031 207 1099 lorum
224 1031 390 1119 pactiones
405 1029 600 1100 continentia
614 1028 702 1097 nulla
716 1029 810 1098 nobis
826 1027 960 1115 contigit
975 1035 1010 1096 ut
1025 1027 1242 1116 reperiremus.

196 1153 295 1236 Paeti,
307 1153 395 1242 quod
405 1153 536 1222 Alexins
548 1153 601 1222 lll.
614 1153 792 1223 comnenus
804 1173 873 1220 cum
885 1153 1075 1220 Venetorum
1086 1149 1167 1220 duce
1178 1151 1260 1232 iniit,
1272 1171 1379 1220 orem-

101 1277 194 1364 plum
219 1297 369 1364 mecum
387 1298 408 1344 a
427 1278 555 1344 Pasinio
581 1277 615 1344 in
643 1276 787 1345 codicum
807 1275 1050 1344 Taurinonsium
1077 1273 1223 1362 catalogo
1249 1274 1377 1356 editum,

104 1421 167 1468 nus
182 1401 289 1470 denno
306 1401 482 1470 examinato
498 1400 683 1490 apographo
698 1401 794 1488 paulo
809 1400 1005 1468 emendatius
1020 1400 1233 1489 repetivimus.

196 1527 357 1594 Postremo
383 1547 466 1615 quae
492 1525 534 1594 ad
560 1525 780 1594 illustrandum
807 1526 971 1613 profanam
994 1526 1118 1614 imperii
1141 1527 1305 1616 byzantini
1326 1525 1380 1594 hi·

102 1649 234 1718 storiam
249 1649 372 1718 iaciunt
387 1649 574 1717 documenta
594 1651 634 1717 ab
650 1649 723 1716 aliis
739 1655 812 1716 ante
828 1669 885 1716 nos
901 1648 1001 1728 edita,
1019 1649 1051 1716 in
1069 1657 1176 1718 nostra
1195 1649 1378 1718 collectione

103 1772 285 1841 desiderari
311 1773 480 1841 noluimus:
510 1793 592 1862 quae
616 1773 657 1840 ad
681 1773 876 1861 superiorum
899 1771 1051 1840 editorum
1074 1772 1167 1841 tidem
1195 1773 1299 1842 denuo
1322 1795 1378 1841 er-

99 1896 288 1983 pressimus.

193 2021 297 2108 Atque
313 2019 393 2088 haec
408 2020 536 2107 quidem
552 2020 592 2088 do
608 2021 828 2108 imperatorum
844 2021 1032 2088 Gmoeorum
1047 2019 1254 2089 documentis.

191 2143 358 2231 Reliquam
378 2143 473 2212 buius
493 2143 660 2212 voluminis
683 2143 843 2213 materiem
864 2144 897 2211 in
919 2145 1001 2212 duas
1024 2149 1132 2232 partas
1156 2143 1375 2213 distribuimus

101 2266 160 2344 itu,
183 2277 219 2334 ut
232 2266 337 2353 priore
354 2287 401 2346 ec,
425 2287 508 2354 quoe
523 2267 685 2356 principes
701 2267 792 2334 latini
808 2275 863 2334 aut
877 2267 939 2354 ipsi
955 2269 988 2334 in
1004 2269 1124 2336 oriente
1141 2267 1308 2336 ediderunt
1322 2275 1377 2336 sut

102 2391 275 2458 atimecis
297 2390 453 2478 rescripta
476 2399 681 2480 acceperunt,
705 2389 1055 2480 comprehenderemus,
1079 2412 1211 2480 quorum
1234 2393 1377 2480 exempla

101 2513 218 2603 partim
238 2533 297 2580 nos
313 2534 330 2580 e
346 2513 503 2581 tabulario
520 2513 639 2582 Veneto
654 2515 806 2596 eruimus,
824 2515 937 2602 partim
952 2515 1064 2583 Oarolo
1079 2517 1178 2603 Hopl,
1203 2517 1376 2605 professori

102 2636 364 2722 Begiomontano,
382 2643 515 2726 accepta
530 2637 708 2718 referimus,
726 2637 781 2724 qui
797 2657 879 2724 quoe
894 2637 928 2704 in
943 2638 1057 2708 itinere
1072 2639 1217 2706 orientali
1234 2637 1373 2728 collegit,

101 2759 278 2829 liberaliter
297 2759 391 2828 nobis
410 2759 537 2830 edenda
557 2760 713 2848 permisit,
739 2761 854 2849 partim
876 2759 1013 2853 denique
1034 2785 1054 2830 a
1073 2762 1237 2848 Ducangio
1258 2771 1290 2830 et
1309 2765 1374 2832 Bn-

103 2883 217 2952 cbonio
237 2883 312 2952 olim
332 2883 420 2952 edita
440 2903 498 2952 nos
518 2885 692 2971 repetendo
712 2884 905 2953 curavimus:
929 2885 1029 2952 alters
1051 2893 1154 2954 autem
1177 2895 1267 2974 parto
1287 2907 1374 2954 com-

101 3008 185 3097 pleri
208 3027 318 3078 snmus
342 3029 395 3088 ea,
419 3027 501 3096 qnae
524 3009 696 3076 Torcurum
711 3009 913 3095 imperatores
937 3017 1001 3078 tum
1016 3031 1088 3078 cum
1114 3011 1210 3078 rebus
1236 3011 1374 3102 publicis

103 3132 290 3200 Venetorum
312 3131 557 3220 Florentinaque
582 3139 648 3198 tum
674 3153 744 3198 eum
766 3131 881 3201 Ordine
903 3134 1079 3222 Hospitalis
1096 3135 1128 3200 S.
1150 3133 1277 3202 loannis
1297 3136 1375 3204 Hie·

101 3254 319 3344 rosulymiteni
340 3254 425 3342 pacti
446 3262 532 3322 sunt:
558 3275 689 3344 quorum
708 3255 766 3322 illa
787 3257 937 3344 pleraque
958 3259 1062 3324 omnio
1082 3258 1286 3326 stabulariis
1306 3260 1372 3328 Vu-

101 3385 186 3460 netu,
211 3377 454 3446 vindobonensi
476 3377 575 3460 (uude
595 3379 657 3446 tria
677 3377 865 3446 documento
883 3383 1036 3450 Ernestus
1057 3381 1136 3449 Birlr
1155 3381 1192 3449 v.
1217 3383 1263 3452 Ol
1280 3381 1372 3450 nobis

102 3502 264 3586 tradidit),
289 3503 471 3572 Florentino
491 3525 512 3570 a
534 3504 626 3571 nobie
642 3503 764 3590 prolata
784 3511 871 3586 sunt,
897 3504 978 3572 haec
998 3527 1015 3572 e
1037 3506 1192 3576 tabulario
1212 3507 1373 3576 Meliteusi

101 3627 202 3699 cunti
230 3627 318 3714 Hopt
341 3627 510 3713 diligentia
537 3629 618 3698 eruit
648 3627 852 3715 eiusdemque
878 3628 1020 3696 officiose
1050 3631 1181 3698 comitae
1209 3632 1372 3700 nobiscnm

101 3751 349 3823 communicavit.

188 3877 305 3944 Earum
324 3875 519 3962 pactionum,
547 3895 629 3962 quas
649 3875 820 3944 lurcorum
844 3875 1020 3964 principes,
1049 3884 1217 3964 antequam
1242 3877 1373 3965 imperio

103 3999 452 4094 Constantinopolitano
472 4001 661 4087 potirentur,
687 4019 757 4066 cum
772 3999 902 4068 Venetis
918 4000 1074 4080 fecerunt,
1096 4001 1238 4088 exemplu
1259 4021 1373 4085 gruem

102 4123 276 4212 perierunt,
293 4123 414 4195 laudae
432 4130 551 4194 tantum
573 4123 847 4211 interpretationes
869 4123 903 4190 in
919 4123 1067 4192 tabularii
1085 4125 1197 4194 Veneti
1212 4125 1372 4194 indicibus

100 4249 284 4316 referuntur.

189 4373 312 4438 Grseca
338 4371 527 4440 documenta
550 4371 721 4438 Turcarum
748 4371 781 4438 iu
809 4370 918 4440 charta
944 4371 1063 4441 turcius
1088 4372 1229 4458 levigata
1254 4374 1375 4462 scriptu

103 4505 184 4579 suut,
201 4495 340 4585 praefixo
356 4495 553 4584 imperatoris
569 4495 676 4582 signo,
702 4495 786 4583 quud
801 4495 917 4584 tughre
942 4505 1082 4577 vocatur,
1106 4505 1214 4566 aurato
1234 4505 1267 4566 et
1286 4499 1374 4568 colo-

101 4627 177 4688 rato.
200 4619 233 4688 in
250 4639 383 4708 quornm
399 4619 539 4688 editione
554 4641 612 4687 nos
628 4640 697 4688 earu
712 4619 813 4707 legem
829 4619 999 4702 tenuimus,
1025 4627 1060 4688 ut
1075 4620 1155 4690 haee
1174 4629 1375 4690 monumenta

104 4745 288 4816 recentioris
305 4743 435 4827 aetatis,
452 4744 534 4814 omui
550 4763 667 4832 genere
683 4765 818 4812 errorum
835 4745 957 4813 scilieet
973 4745 1146 4834 inquinate
1165 4747 1252 4813 nulla
1267 4755 1374 4814 nostra

1122 4853 1139 4908 b
1158 4853 1175 4890 8
