3182 5264
247 327 286 385 Vl

242 515 310 582 illic
322 525 377 583 aut
389 515 502 602 corrigi
515 523 662 604 poterunt
673 530 727 584 ant
738 520 890 607 suppleri.
904 543 941 588 ex
954 543 1014 608 quo
1027 543 1142 609 genere
1156 534 1205 592 est
1216 533 1318 592 actum
1330 527 1412 592 inter
1423 527 1518 592 Isaa-

244 659 313 706 cum
337 638 492 726 Angelum
513 647 545 706 et
567 641 766 708 lannensiom
782 643 1005 731 rempublicam
1022 647 1094 712 anui
1115 651 1223 730 tlte,
1247 647 1308 714 fine
1323 653 1515 728 truncatum,

243 761 602 850 cuiussupplemcntum
620 771 669 831 est
684 785 821 852 sequens
841 771 1013 853 πρακτικὸν
1035 779 1090 856 τῆς
1110 771 1331 857 παραδόσεως,
1355 770 1443 858 quod
1459 770 1515 837 la-

241 887 307 954 tino
322 893 442 954 tantum
458 907 600 954 sermone
616 896 710 956 extat.

329 1015 350 1090 †
366 1011 477 1078 Mense
494 1011 611 1100 aprelis
626 1011 781 1098 vigesima
795 1012 937 1080 secunda
951 1013 1014 1094 dic,
1032 1021 1144 1100 quarta
1159 1014 1246 1096 laria,
1263 1015 1439 1084 indictione
1455 1017 1516 1085 de·

240 1132 321 1200 eima
346 1133 518 1200 secundnm
539 1135 581 1201 ad
598 1155 655 1201 nos
674 1135 791 1202 iactum
811 1135 964 1224 scriptum
984 1137 1167 1224 pausanasti
1191 1146 1222 1205 et
1245 1139 1428 1206 cancellarii
1449 1140 1515 1223 vie,

240 1256 356 1323 domini
377 1257 527 1324 Demetrii
549 1257 680 1326 Torniki
700 1259 748 1325 sie
768 1259 944 1326 continens:
967 1259 1105 1328 Proclari
1132 1268 1163 1328 et
1186 1259 1293 1328 dilecti
1317 1262 1398 1330 mihi
1418 1264 1515 1345 socii,

241 1373 437 1467 grammatici
453 1382 591 1469 potentis
608 1391 640 1448 ct
654 1383 756 1449 sancti
772 1383 831 1449 mei
848 1383 1055 1471 imperatoris,
1070 1391 1133 1452 tarn
1149 1392 1197 1462 tn,
1207 1383 1338 1456 ‚domme
1353 1386 1517 1454 Genaun-

237 1505 303 1571 tine
327 1503 506 1585 Padiudita,
529 1525 623 1592 quam
643 1515 676 1573 et
694 1513 741 1585 tu,
762 1506 1049 1593 protonobilissimc
1069 1507 1181 1594 Sergia
1201 1507 1362 1592 [bolubat
1383 1509 1517 1596 lungite

240 1645 296 1694 ros
320 1647 390 1695 curn
412 1629 554 1717 preclaro
577 1629 765 1697 dasimotato
787 1629 913 1696 domino
937 1631 1141 1700 Constantino
1168 1629 1317 1712 Petriota,
1342 1645 1376 1698 et
1393 1633 1518 1703 tradite

240 1750 526 1839 [prn]dantlssimis
553 1752 669 1838 legatis
697 1754 805 1820 Genus
832 1753 986 1820 Gulielmo
1010 1753 1156 1820 torcello
1183 1761 1215 1820 ct
1241 1753 1346 1822 (luido
1376 1755 1518 1842 spinule

239 1897 332 1963 quarn
343 1876 431 1963 prins
442 1876 576 1942 (lanuite
586 1871 748 1942 habebant
759 1875 886 1957 scalam,
901 1875 985 1962 quod
995 1875 1083 1962 prins
1094 1874 1255 1944 habebant
1264 1877 1429 1964 embolum,
1443 1901 1518 1950 ma-

237 1978 372 2066 ritimam
384 1999 501 2066 scalam
513 1995 697 2065 monasterii
712 1998 813 2065 sancti
830 1998 1030 2065 Pantalennis
1047 2009 1077 2064 at
1092 2019 1154 2086 qna
1169 1999 1316 2086 utrinque
1331 2001 1396 2069 sint
1410 2006 1518 2075 veteri

239 2142 344 2191 eornm
361 2125 485 2192 embolo
500 2124 666 2190 coniuncta
680 2119 863 2191 habitacula
879 2123 1058 2190 monasterii
1080 2117 1330 2210 Apologotheton
1350 2135 1386 2193 at
1401 2149 1516 2198 mona·

238 2247 325 2314 starii
343 2247 473 2314 Patulcii
495 2243 668 2314 Theodosii
685 2253 716 2312 et
732 2246 855 2312 domum
871 2245 1062 2322 (talamannh
1080 2243 1229 2313 videlicet
1243 2249 1417 2332 vomuisti,
1440 2273 1519 2319 aum

239 2369 440 2449 habitaculis,
465 2371 591 2438 duabus
613 2369 720 2447 curiis,
742 2369 856 2457 puteis,
881 2368 1028 2446 cisterna,
1044 2367 1157 2436 balneo
1178 2377 1210 2436 et
1225 2369 1347 2438 duabus
1363 2375 1517 2442 eeclesiis

237 2494 320 2560 infra
342 2493 493 2562 ambitum
509 2513 664 2559 murorum
685 2493 754 2558 eius
770 2491 978 2558 existentibus
994 2511 1063 2557 cum
1084 2491 1332 2580 pensionelihns‚
1353 2517 1416 2583 qne
1435 2509 1519 2566 sunt

240 2625 329 2684 extra
347 2619 497 2684 ambitum
519 2615 658 2682 eiusdem
682 2614 791 2682 domus
814 2631 911 2701 supra
937 2614 1074 2681 cisterna
1101 2617 1273 2683 Antilonitit
1288 2618 1515 2690 existentibus.

240 2741 350 2807 Mense
361 2739 453 2820 maio,
466 2738 640 2806 indictione
650 2737 782 2804 decima.
796 2736 1009 2823 Subscriptio:
1022 2737 1173 2805 Senectus
1185 2747 1216 2805 et
1227 2741 1437 2810 cancellarius
1450 2746 1516 2816 rio.

284 2859 287 2865 ’
329 2863 491 2931 astitimus
506 2863 541 2928 in
557 2861 626 2928 loco
643 2861 776 2946 Ooparic
792 2867 824 2926 et
844 2859 959 2928 emboli
976 2860 1134 2946 quondam
1151 2863 1376 2948 cennensium,
1393 2875 1428 2934 et
1443 2871 1519 2956 pris

241 3007 322 3055 mum
350 2987 477 3075 quidem
504 2983 636 3052 fecimus
663 2999 840 3050 mensuram
867 2991 897 3050 et
923 2983 1121 3052 traditionem
1145 2985 1233 3052 fundi
1257 2987 1516 3062 habitaculorum

242 3109 373 3192 emboli,
398 3107 484 3196 quod
499 3107 588 3196 prius
604 3105 779 3188 habehant,
804 3106 920 3174 deinde
939 3127 1057 3190 eorum,
1083 3126 1144 3196 que
1164 3129 1248 3176 nuno
1268 3109 1386 3180 donata
1401 3126 1479 3185 aunt
1494 3139 1517 3186 a

239 3233 460 3324 potentissimo
487 3239 593 3298 nostro
616 3230 802 3318 imperatore
822 3239 854 3298 ct
874 3231 1122 3299 habitaculorum
1146 3243 1178 3302 at
1199 3235 1332 3304 alterius
1354 3241 1453 3310 scale.
1480 3253 1517 3311 et

242 3377 389 3427 mensura
412 3355 539 3443 quidem
562 3353 652 3422 fundi
673 3355 786 3442 prioris
807 3374 912 3422 eorum
940 3357 1053 3422 emboli
1073 3357 1187 3445 incipit
1206 3381 1226 3426 a
1246 3360 1360 3428 semita
1382 3365 1514 3452 emboli,

242 3497 305 3570 que
327 3491 379 3548 est
397 3499 507 3548 versus
527 3477 688 3546 meridiem
705 3489 735 3546 ct
750 3481 897 3546 orientem
914 3481 1169 3550 diuidenteinde
1184 3493 1215 3551 ot
1229 3483 1424 3572 habitacula,
1448 3513 1516 3580 que

240 3613 313 3673 sunt
337 3607 447 3672 reads
474 3609 595 3690 partem
623 3601 752 3670 omentis
778 3605 880 3670 sancti
908 3605 1051 3689 Vastan,
1079 3605 1229 3674 videlicet
1259 3607 1421 3694 Electran,
1456 3617 1517 3684 nbi

241 3735 387 3816 superest
412 3726 517 3794 adim
542 3745 647 3793 muros
675 3729 891 3794 canenteeua
921 3727 1033 3818 incipit
1059 3729 1153 3797 ctiam
1180 3732 1351 3802 abeodem
1371 3755 1460 3806 muro
1482 3749 1518 3808 et

240 3851 437 3942 protenditur
456 3871 566 3918 versus
585 3851 734 3919 orientem
754 3871 854 3940 nsque
874 3861 982 3922 contre
1001 3853 1197 3938 habitacula,
1222 3877 1285 3944 quc
1305 3866 1382 3926 sunt
1399 3883 1516 3932 vorans

243 3984 363 4066 partem
388 3975 544 4059 meridiei,
570 3997 631 4065 que
657 3979 814 4046 sustinent
839 3977 1022 4048 habitacula
1040 3979 1221 4049 monasterii
1248 3981 1348 4070 Ypsili
1376 3984 1408 4052 in
1435 3987 1513 4056 lon-

240 4101 386 4189 gitudine
408 4103 582 4169 cubitorum
604 4103 714 4189 viginti
742 4103 896 4192 quinque,
922 4105 956 4172 iu
976 4105 1144 4173 latitudine
1164 4107 1322 4175 acomoni
1337 4112 1463 4180 embolo
1479 4125 1517 4184 et

239 4241 350 4294 versus
365 4223 526 4292 meridiem
542 4247 643 4314 usqne
657 4227 699 4294 ad
716 4229 833 4295 luteum
848 4249 966 4296 murum
982 4229 1198 4307 sustinentem,
1215 4249 1276 4317 qne
1290 4251 1375 4300 nune
1389 4235 1514 4307 donata

239 4357 313 4419 sunt
328 4350 446 4419 eisdem
464 4352 700 4431 (lewensibus,
722 4374 783 4440 qne
798 4355 923 4422 inerunt
942 4353 1122 4420 monasterii
1139 4355 1400 4441 Apologothaton
1417 4362 1516 4432 vide·

238 4475 313 4544 licet
339 4474 468 4554 medici,
502 4476 674 4544 cubitorum
703 4478 811 4546 decern
837 4485 1011 4545 etuouern.
1039 4494 1135 4566 snper
1161 4478 1296 4549 eundem
1320 4482 1454 4552 fundam
1479 4499 1515 4558 at

239 4599 392 4686 equaliter
407 4619 476 4666 oum
493 4601 615 4670 embolo
631 4609 664 4668 et
680 4623 749 4669 oum
765 4601 888 4683 semita,
907 4623 968 4690 qne
983 4611 1033 4671 eat
1048 4621 1161 4671 veram
1173 4602 1332 4686 odenmm,
1350 4606 1516 4680 inuenitur

238 4721 450 4792 habitaculum
477 4733 649 4793 terraticum
673 4747 731 4814 per
752 4727 882 4816 duplum
906 4727 1069 4797 decliuiter
1090 4727 1214 4796 stillans
1230 4749 1299 4796 cum
1316 4731 1453 4802 eulmine
1478 4736 1515 4806 in
