3132 5268
100 459 108 472 Β
212 371 277 452 ιιι

207 567 312 638 νετίας
340 564 529 650 δυνήσονται
557 566 612 628 καί
637 560 807 649 λσχόσυυσι
836 565 983 650 χρῆσθαι
1017 574 1081 637 τοῖς
1110 563 1249 636 δικαίοις
1274 558 1378 626 αὐτῶν
1402 558 1481 626 καθ’

209 686 418 774 υἱωνδήτινων
444 684 608 773 Ῥωμαίων
636 697 697 754 τῶν
725 684 914 775 ὀφειλόντων
938 681 1060 765 αὐτοῖς,
1088 683 1135 759 οἷς
1157 685 1198 772 δή
1222 683 1404 758 Βενετίκοις
1427 688 1485 748 καί

208 809 335 896 έκιίστιμ
363 805 466 876 αόεῶν
492 806 582 897 ήμείς
605 815 661 876 καί
689 807 710 898 ἡ
740 811 889 894 βασιλεία
922 807 1012 896 ήμῶν
1037 813 1213 896 ποιήσομεν
1240 813 1298 874 καί
1326 811 1484 888 γενέσθαι

208 935 455 1020 διαπραξόμεθα
479 933 604 998 δίκαιον
628 935 877 1022 διευθετημένον
899 937 956 1000 καί
978 931 1116 1012 έντελές,
1146 930 1190 1006 ιδς
1217 935 1369 1019 πρότερον
1390 929 1482 1020 ήνει-

207 1059 351 1144 χόμεθα,
375 1055 533 1144 ἀκεραίως
556 1061 613 1122 καί
635 1067 688 1122 νῦν
711 1055 894 1147 ἀφείλομεν·
917 1062 973 1122 καί
996 1060 1081 1123 κατὰ
1105 1059 1157 1122 τόν
1181 1054 1293 1143 ὅμοιον
1313 1059 1431 1142 τρόπον
1453 1054 1483 1122 σί

206 1179 356 1269 ήμέτερυι
382 1179 532 1268 Ῥωμαῖοι
566 1181 755 1270 δυνήσονται
782 1186 839 1246 καί
866 1179 1035 1268 ὶσχόσυυσι
1069 1182 1217 1268 χρῆσθαι
1244 1191 1308 1254 τοῦς
1340 1181 1482 1252 δικαίοις

209 1298 311 1375 αὐτῶν
346 1300 425 1370 καθ’
460 1302 652 1392 οἱανδήποτε
685 1304 861 1370 Βενετίκων
894 1314 1011 1370 πιστῶν
1047 1307 1104 1368 καί
1142 1299 1402 1389 ὑποτεταγμένων
1441 1301 1482 1388 τῷ

207 1425 292 1513 κυριρ
313 1427 406 1492 δουκί
428 1431 485 1492 καί
507 1425 550 1514 τῷ
571 1432 750 1514 κυυμυυνίιμ
766 1427 916 1502 Βενεείας
940 1425 1130 1515 ὀφειλόντων
1155 1423 1274 1504 αότυίς,
1298 1424 1416 1492 οίστισι
1440 1426 1482 1512 δή

205 1550 377 1637 Ῥωμαίοις
411 1547 428 1615 ό
463 1558 523 1637 κῦρ
557 1552 633 1626 δοόί
666 1555 723 1616 καί
757 1553 793 1616 τό
827 1553 1016 1638 κουμυόνιον
1050 1549 1214 1627 Βενεείας,
1250 1547 1268 1614 ό
1304 1550 1483 1637 μπαίοῦλος

205 1679 262 1740 καί
285 1672 303 1739 ό
327 1668 447 1762 ῥέκτωρ
470 1678 527 1740 καί
551 1672 581 1738 οἱ
605 1671 804 1764 όφφικιείλιοι
832 1683 887 1740 τοῦ
910 1683 1010 1761 κυροῦ
1034 1675 1150 1748 δουκός
1177 1677 1234 1738 καί
1256 1681 1312 1738 τοῦ
1335 1693 1479 1760 κοομοο-

205 1802 273 1862 νίοο
306 1797 456 1872 Βενεείας
491 1793 689 1884 ὁπουδήποτε
717 1799 923 1871 καθεστῶτες
951 1798 1076 1864 δίκαιον
1106 1799 1278 1884 ποιήσουσι
1311 1797 1482 1882 διευθετη-

205 1926 300 2006 μένον
334 1923 391 1986 καί
419 1917 557 1999 ἐντελές,
592 1917 636 1994 τδς
661 1923 811 2008 πρότερον
844 1917 1010 2008 ἠνείχοντο
1036 1918 1195 2006 ἀκεραίως
1222 1924 1280 1986 καί
1305 1929 1360 1986 νῦν
1388 1917 1480 2010 ἀφεί-

204 2044 309 2123 λουσι,
345 2047 533 2130 σωζομένων
561 2041 613 2110 ἀεί
634 2048 691 2109 καί
719 2048 921 2132 τηρουμένων
943 2053 1052 2110 πασῶν
1076 2048 1133 2110 καί
1161 2043 1305 2109 ίκείστων
1328 2053 1391 2108 τῶν
1414 2065 1479 2110 πα-

204 2169 407 2256 ραφολτίξεων
429 2172 486 2232 καί
508 2169 738 2234 καταστάσεσιν
761 2165 819 2234 καὶ
842 2162 1045 2254 ὑποσχέσεων
1066 2171 1125 2234 καί
1146 2169 1388 2256 διασαφήσεων,
1417 2166 1481 2232 εἴτε

201 2295 272 2376 περί
295 2294 415 2376 ζημιῶν
443 2299 502 2356 τῶν
527 2291 570 2378 μή
594 2292 792 2376 ταχθεισῶν,
826 2289 914 2363 ίδίως
944 2284 1105 2379 ῥηθεισῶν
1128 2295 1185 2356 καί
1219 2288 1477 2378 δνομασθεισῶν,

204 2412 267 2480 εἴτε
289 2417 361 2498 περὶ
384 2422 444 2478 τῶν
469 2411 574 2478 ἄλλων
598 2424 657 2478 τῶν
682 2411 826 2500 ἀνωτέρω
850 2411 1106 2500 όνομαοθέντων,
1131 2412 1178 2487 οἷς
1201 2415 1256 2480 διὰ
1279 2425 1335 2502 τής
1357 2417 1479 2501 παροό·

205 2559 265 2623 σης
300 2537 415 2622 τρέβας
447 2534 467 2622 ή
496 2534 641 2624 ἀφέσεως
675 2547 735 2601 τῶν
770 2534 916 2615 ἀδικιῶν,
951 2547 1011 2602 τῶν
1044 2541 1300 2626 προσκομμάτων
1332 2541 1391 2604 καὶ
1417 2549 1478 2604 τῶν

204 2663 325 2746 ζημιῶν
353 2659 396 2746 μή
424 2661 563 2724 νοείσθω
591 2662 677 2724 καταί
703 2681 733 2724 ει
762 2656 943 2734 ἐλάττωσις.
968 2657 1050 2746 ἅπερ
1079 2661 1120 2744 δή
1146 2663 1250 2726 πσίντα
1273 2664 1330 2725 καί
1352 2659 1478 2726 έκασεα

203 2785 243 2847 τὰ
278 2780 547 2870 ἀναγεγραμμένα
580 2777 671 2870 ήμείς
705 2780 723 2848 ὁ
759 2783 908 2868 βασιλεῦς
945 2787 1002 2848 καί
1034 2779 1055 2870 ή
1091 2785 1239 2868 βασιλεία
1272 2780 1362 2871 ήμῶν
1401 2781 1477 2869 ότεέρ

203 2902 370 2993 ἡμῶνκαὶ
393 2916 453 2972 τῶν
476 2907 683 2994 κληρονόμων
706 2911 769 2972 καί
786 2907 947 2994 διαδόχων
969 2902 1059 2993 ήμῶν
1083 2907 1128 2982 είς
1151 2911 1196 2972 τὰ,
1215 2905 1293 2987 ἅγια
1316 2918 1372 2976 τοῦ
1396 2911 1477 2974 θεοῦ

204 3024 393 3110 εόαηηίλια.
429 3028 473 3104 είς
507 3033 561 3096 τόν
595 3036 697 3117 τίμιον
732 3035 789 3096 καί
822 3033 980 3104 ίωοποιόν
1015 3033 1165 3116 σταυρόν,
1201 3030 1246 3105 είς
1281 3033 1337 3118 τήν
1372 3035 1477 3118 ψυχήν

203 3148 305 3240 ήμῶν,
330 3149 489 3240 ἁψάμενοι
512 3163 571 3220 τῶν
596 3165 738 3242 γραφῶν,
768 3151 818 3220 λπί
841 3158 999 3240 παρουσία
1023 3164 1078 3220 τοῦ
1102 3153 1270 3241 εἰρημένου
1298 3156 1357 3242 σύρ
1383 3168 1475 3242 μπαῐ-

206 3277 303 3341 οόλου
327 3273 459 3362 όνόματι
482 3285 537 3343 τοῦ
560 3285 657 3363 ειυροῦ
681 3277 798 3351 δουκός
821 3281 877 3344 καί
899 3286 955 3342 τοῦ
978 3277 1168 3363 κουμουνίου
1190 3277 1359 3356 Βενεείας,
1391 3275 1477 3366 ἀψα-

205 3421 298 3485 μενος
321 3410 381 3464 τῶν
406 3397 508 3465 αὐτῶν
536 3398 626 3486 ἱερῶν
651 3410 779 3488 γραφῶν
802 3405 859 3466 καί
883 3396 993 3478 αὐτός,
1022 3400 1069 3474 είς
1093 3401 1148 3488 τήν
1172 3403 1276 3488 ψυχήν
1302 3397 1401 3466 αότοῦ
1424 3411 1479 3484 τοῦ

204 3531 302 3608 κυρυῦ
337 3524 455 3597 δουκός
489 3527 545 3588 καί
579 3532 635 3588 τοῦ
669 3527 859 3610 κοομοονίοο
892 3523 1042 3597 Βενεείας
1076 3528 1133 3588 καί
1169 3523 1213 3598 εὶς
1248 3528 1287 3588 τὰ
1317 3522 1396 3604 ἅγια
1422 3533 1479 3590 τοῦ

209 3649 291 3711 θεοῦ
320 3641 494 3726 εὐαγγέλια
521 3651 577 3712 καί
605 3645 652 3722 εἰς
679 3649 733 3712 τόν
757 3651 859 3732 τίμιον
882 3650 939 3712 καί
962 3649 1117 3720 ίυιυποιδν
1141 3649 1276 3734 σταυρόν
1300 3644 1378 3734 όπέρ
1402 3646 1478 3713 ἐαυ-

207 3779 263 3835 τοῦ
292 3767 425 3856 ἀνόμοιοι
453 3779 507 3835 τοῦ
534 3775 764 3858 προειρημένου
791 3773 848 3834 καί
874 3778 930 3834 τοῦ
957 3774 1148 3856 κοομοονίοο
1174 3769 1326 3846 Βενεείας
1348 3769 1480 3858 ὠμόσα-

208 3915 264 3979 μεν
289 3897 346 3958 καί
369 3888 595 3981 όπεσχέθημεν
621 3891 774 3980 ἀλλήλοις
803 3893 918 3976 βέβαια
940 3897 997 3958 καί
1021 3890 1241 3980 ἀμετακίνηεα
1265 3897 1305 3958 τῦ
1327 3915 1478 3982 προειρη-

207 4021 286 4103 μένα
313 4020 418 4082 πάντα
446 4016 533 4104 ἔχειν
567 4039 601 4082 τε
630 4021 687 4082 καί
714 4026 840 4102 κρατεῖν
867 4021 924 4080 καί
954 4014 1214 4105 ἀπαρόθραυστα
1238 4031 1399 4106 συντηρεῖν
1423 4022 1478 4085 καί

207 4139 410 4228 ἀποπληροῦν
433 4138 453 4228 ή
478 4140 698 4230 φυλάττεσθαι
722 4143 778 4206 καί
802 4137 1071 4226 ἀποπληροῦσθαι
1092 4151 1225 4229 ποιήσαι
1247 4147 1304 4207 καί
1326 4144 1369 4231 μή
1387 4143 1479 4208 ίναν-

207 4269 279 4336 τίως
306 4275 439 4352 ποιήσαι
466 4263 486 4353 ή
516 4264 662 4330 έπελθείν
690 4274 755 4337 τοῦς
783 4267 1022 4350 προειρημένοις
1049 4263 1069 4352 ή
1094 4264 1129 4331 έν
1158 4285 1216 4331 τινι
1244 4276 1305 4331 τῶν
1327 4287 1477 4354 προειρη-

207 4393 307 4472 μένων
342 4386 380 4452 δι’
415 4386 504 4475 ήμῶν
527 4387 547 4476 ή
572 4385 612 4452 δι’
641 4385 747 4452 ἀλλων
783 4381 845 4452 ἀπὸ
881 4387 1008 4452 δικαίου
1035 4386 1055 4475 ή
1085 4392 1208 4476 φσίκτυυ
1243 4393 1349 4476 τρόπιμ
1377 4389 1477 4478 εινίή

207 4522 339 4598 μηχανή
363 4509 383 4598 ή
409 4509 495 4595 αἰτίη
523 4509 574 4576 έπί
601 4505 754 4597 ἀποθήκη
782 4513 839 4575 καί
863 4508 962 4598 ένοχή
990 4521 1050 4576 τῶν
1073 4509 1234 4598 ἡμετέρων
1257 4517 1314 4578 καί
1335 4523 1394 4600 τῆς
1418 4515 1477 4598 βα·

127 4658 131 4664 ’
207 4635 328 4708 σιλείας
356 4629 445 4721 ήμῶν
473 4638 529 4698 καί
557 4644 612 4700 τοῦ
647 4631 815 4720 είρημένυυ
843 4641 940 4718 κυμοῦ
975 4635 1091 4708 δουκὸς
1118 4639 1175 4700 καί
1202 4645 1257 4700 τοῦ
1288 4642 1478 4724 κοομοονίοο

206 4757 353 4833 Βενεείας
388 4755 522 4858 ἀμαθῶν
558 4769 616 4824 τῶν
647 4781 678 4824 τε
716 4765 768 4824 νῦν
804 4753 899 4821 όντων
928 4761 982 4822 καί
1018 4755 1186 4844 ἐσομένων.
1216 4757 1257 4825 ιἰιν
1285 4764 1410 4826 πάντων
1435 4761 1476 4835 είς
