<?xml version="1.0" encoding="UTF-8"?>
<!DOCTYPE html PUBLIC "-//W3C//DTD XHTML 1.0 Transitional//EN"
    "http://www.w3.org/TR/xhtml1/DTD/xhtml1-transitional.dtd">
<html xmlns="http://www.w3.org/1999/xhtml" xml:lang="en" lang="en">
 <head>
  <title>
</title>
<meta http-equiv="Content-Type" content="text/html;charset=utf-8" />
  <meta name='ocr-system' content='tesseract 3.04.00' />
  <meta name='ocr-capabilities' content='ocr_page ocr_carea ocr_par ocr_line ocrx_word'/>
</head>
<body>
  <div class='ocr_page' id='page_1' title='image "./actaetdiplomata03miklgoog_0234.png"; bbox 0 0 3132 5268; ppageno 0'>
   <div class='ocr_carea' id='block_1_1' title="bbox 1260 375 1322 438">
    <p class='ocr_par' dir='ltr' id='par_1_1' title="bbox 1260 375 1322 438">
     <span class='ocr_line' id='line_1_1' title="bbox 1260 375 1322 438; baseline 0 0"><span class='ocrx_word' id='word_1_1' title='bbox 1260 375 1322 438; x_wconf 77' lang='lat'><strong>199</strong></span> 
     </span>
    </p>
   </div>
   <div class='ocr_carea' id='block_1_2' title="bbox 56 565 1321 2270">
    <p class='ocr_par' dir='ltr' id='par_1_2' title="bbox 56 565 1321 2270">
     <span class='ocr_line' id='line_1_2' title="bbox 62 565 1320 654; baseline 0.004 -27"><span class='ocrx_word' id='word_1_2' title='bbox 62 565 255 650; x_wconf 75' lang='grc' dir='ltr'>δικαιοσύνης</span> <span class='ocrx_word' id='word_1_3' title='bbox 290 569 345 629; x_wconf 91' lang='grc' dir='ltr'><strong>καί</strong></span> <span class='ocrx_word' id='word_1_4' title='bbox 372 577 437 638; x_wconf 87' lang='grc' dir='ltr'><strong>τοῖς</strong></span> <span class='ocrx_word' id='word_1_5' title='bbox 464 568 597 650; x_wconf 78' lang='grc' dir='ltr'>πρώτοις</span> <span class='ocrx_word' id='word_1_6' title='bbox 624 575 683 629; x_wconf 86' lang='grc' dir='ltr'><strong>τιῖν</strong></span> <span class='ocrx_word' id='word_1_7' title='bbox 715 579 834 654; x_wconf 79' lang='grc' dir='ltr'><strong>τεχνῶν</strong></span> <span class='ocrx_word' id='word_1_8' title='bbox 863 579 927 642; x_wconf 85' lang='grc' dir='ltr'><strong>τοῖς</strong></span> <span class='ocrx_word' id='word_1_9' title='bbox 956 567 1001 640; x_wconf 84' lang='grc' dir='ltr'><strong>είς</strong></span> <span class='ocrx_word' id='word_1_10' title='bbox 1028 569 1064 630; x_wconf 90' lang='grc' dir='ltr'><strong>τό</strong></span> <span class='ocrx_word' id='word_1_11' title='bbox 1092 565 1208 651; x_wconf 84' lang='grc' dir='ltr'><strong>μέλλον</strong></span> <span class='ocrx_word' id='word_1_12' title='bbox 1237 572 1320 632; x_wconf 83' lang='grc' dir='ltr'><strong>κατὰ</strong></span> 
     </span>
     <span class='ocr_line' id='line_1_3' title="bbox 61 683 1320 777; baseline 0.002 -25"><span class='ocrx_word' id='word_1_13' title='bbox 61 690 180 774; x_wconf 88' lang='grc' dir='ltr'><strong>καιρούς</strong></span> <span class='ocrx_word' id='word_1_14' title='bbox 208 686 387 776; x_wconf 77' lang='grc' dir='ltr'><strong>ὲσομόνσις,</strong></span> <span class='ocrx_word' id='word_1_15' title='bbox 417 700 551 776; x_wconf 94' lang='grc' dir='ltr'><strong>χορηγεῖ</strong></span> <span class='ocrx_word' id='word_1_16' title='bbox 578 712 610 754; x_wconf 85' lang='grc' dir='ltr'><strong>τε</strong></span> <span class='ocrx_word' id='word_1_17' title='bbox 639 695 696 754; x_wconf 87' lang='grc' dir='ltr'><strong>καῖ</strong></span> <span class='ocrx_word' id='word_1_18' title='bbox 722 689 939 777; x_wconf 76' lang='grc' dir='ltr'><strong>ἐπιβραβεύει,</strong></span> <span class='ocrx_word' id='word_1_19' title='bbox 972 689 1026 755; x_wconf 77' lang='grc' dir='ltr'><strong>ἵνα</strong></span> <span class='ocrx_word' id='word_1_20' title='bbox 1053 701 1093 777; x_wconf 74' lang='grc' dir='ltr'><strong>τῇ</strong></span> <span class='ocrx_word' id='word_1_21' title='bbox 1121 685 1201 776; x_wconf 79' lang='grc' dir='ltr'><strong>αύτῇ</strong></span> <span class='ocrx_word' id='word_1_22' title='bbox 1226 683 1320 774; x_wconf 86' lang='grc' dir='ltr'><strong>βασι·</strong></span> 
     </span>
     <span class='ocr_line' id='line_1_4' title="bbox 60 811 1321 900; baseline 0.002 -25"><span class='ocrx_word' id='word_1_23' title='bbox 60 815 125 898; x_wconf 77' lang='grc' dir='ltr'><strong>λικῇ</strong></span> <span class='ocrx_word' id='word_1_24' title='bbox 152 811 280 896; x_wconf 74' lang='grc' dir='ltr'><strong>ἐξουσία</strong></span> <span class='ocrx_word' id='word_1_25' title='bbox 308 811 424 898; x_wconf 75' lang='grc' dir='ltr'><strong>ἔχωσιν</strong></span> <span class='ocrx_word' id='word_1_26' title='bbox 454 811 566 878; x_wconf 83' lang='grc' dir='ltr'><strong>ἄδειαν</strong></span> <span class='ocrx_word' id='word_1_27' title='bbox 591 813 663 887; x_wconf 90' lang='grc' dir='ltr'><strong>τούς</strong></span> <span class='ocrx_word' id='word_1_28' title='bbox 686 815 804 887; x_wconf 90' lang='grc' dir='ltr'><strong>νόθους</strong></span> <span class='ocrx_word' id='word_1_29' title='bbox 827 818 884 878; x_wconf 90' lang='grc' dir='ltr'><strong>καί</strong></span> <span class='ocrx_word' id='word_1_30' title='bbox 908 812 940 890; x_wconf 72' lang='grc' dir='ltr'><strong>ἐξ</strong></span> <span class='ocrx_word' id='word_1_31' title='bbox 965 812 1123 899; x_wconf 83' lang='grc' dir='ltr'><strong>ἀθεμίτου</strong></span> <span class='ocrx_word' id='word_1_32' title='bbox 1145 814 1321 900; x_wconf 88' lang='grc' dir='ltr'><strong>προελθόν-</strong></span> 
     </span>
     <span class='ocr_line' id='line_1_5' title="bbox 62 935 1319 1025; baseline 0.003 -27"><span class='ocrx_word' id='word_1_33' title='bbox 62 959 108 1008; x_wconf 89' lang='grc' dir='ltr'><strong>τας</strong></span> <span class='ocrx_word' id='word_1_34' title='bbox 131 937 241 1020; x_wconf 75' lang='grc' dir='ltr'><strong>μίξεως</strong></span> <span class='ocrx_word' id='word_1_35' title='bbox 266 947 358 1022; x_wconf 76' lang='grc' dir='ltr'><strong>κοινῇ</strong></span> <span class='ocrx_word' id='word_1_36' title='bbox 386 939 442 1001; x_wconf 93' lang='grc' dir='ltr'><strong>καί</strong></span> <span class='ocrx_word' id='word_1_37' title='bbox 469 936 682 1023; x_wconf 69' lang='grc' dir='ltr'><strong>διῃρημένως,</strong></span> <span class='ocrx_word' id='word_1_38' title='bbox 713 941 835 1011; x_wconf 73' lang='grc' dir='ltr'><strong>δόντων</strong></span> <span class='ocrx_word' id='word_1_39' title='bbox 858 935 879 1025; x_wconf 77' lang='grc' dir='ltr'><strong>ἢ</strong></span> <span class='ocrx_word' id='word_1_40' title='bbox 903 936 960 1004; x_wconf 86' lang='grc' dir='ltr'><strong>καὶ</strong></span> <span class='ocrx_word' id='word_1_41' title='bbox 988 939 1151 1002; x_wconf 77' lang='grc' dir='ltr'>θανόντων</span> <span class='ocrx_word' id='word_1_42' title='bbox 1175 947 1235 1002; x_wconf 81' lang='grc' dir='ltr'><strong>των</strong></span> <span class='ocrx_word' id='word_1_43' title='bbox 1263 958 1319 1020; x_wconf 94' lang='grc' dir='ltr'><strong>γο-</strong></span> 
     </span>
     <span class='ocr_line' id='line_1_6' title="bbox 59 1055 1319 1148; baseline 0.004 -27"><span class='ocrx_word' id='word_1_44' title='bbox 59 1066 125 1124; x_wconf 82' lang='grc' dir='ltr'><strong>νίων</strong></span> <span class='ocrx_word' id='word_1_45' title='bbox 153 1055 270 1138; x_wconf 80' lang='grc' dir='ltr'><strong>αύτων,</strong></span> <span class='ocrx_word' id='word_1_46' title='bbox 305 1064 458 1146; x_wconf 90' lang='grc' dir='ltr'><strong>νομίμους</strong></span> <span class='ocrx_word' id='word_1_47' title='bbox 486 1065 544 1127; x_wconf 89' lang='grc' dir='ltr'><strong>καί</strong></span> <span class='ocrx_word' id='word_1_48' title='bbox 571 1065 721 1148; x_wconf 88' lang='grc' dir='ltr'><strong>γνησίους</strong></span> <span class='ocrx_word' id='word_1_49' title='bbox 754 1073 853 1126; x_wconf 89' lang='grc' dir='ltr'><strong>ποιεῖν</strong></span> <span class='ocrx_word' id='word_1_50' title='bbox 880 1065 937 1126; x_wconf 92' lang='grc' dir='ltr'><strong>καί</strong></span> <span class='ocrx_word' id='word_1_51' title='bbox 972 1059 1023 1127; x_wconf 76' lang='grc' dir='ltr'><strong>δπί</strong></span> <span class='ocrx_word' id='word_1_52' title='bbox 1051 1064 1154 1126; x_wconf 89' lang='grc' dir='ltr'><strong>ποίντα</strong></span> <span class='ocrx_word' id='word_1_53' title='bbox 1189 1065 1229 1126; x_wconf 88' lang='grc' dir='ltr'><strong>τόι</strong></span> <span class='ocrx_word' id='word_1_54' title='bbox 1259 1072 1319 1126; x_wconf 84' lang='grc' dir='ltr'><strong>των</strong></span> 
     </span>
     <span class='ocr_line' id='line_1_7' title="bbox 59 1182 1320 1272; baseline 0.002 -24"><span class='ocrx_word' id='word_1_55' title='bbox 59 1190 183 1271; x_wconf 88' lang='grc' dir='ltr'><strong>γνησίων</strong></span> <span class='ocrx_word' id='word_1_56' title='bbox 218 1184 331 1249; x_wconf 88' lang='grc' dir='ltr'><strong>δίκαια</strong></span> <span class='ocrx_word' id='word_1_57' title='bbox 365 1187 421 1250; x_wconf 87' lang='grc' dir='ltr'><strong>καί</strong></span> <span class='ocrx_word' id='word_1_58' title='bbox 450 1188 607 1272; x_wconf 88' lang='grc' dir='ltr'><strong>προνόμια</strong></span> <span class='ocrx_word' id='word_1_59' title='bbox 643 1182 868 1251; x_wconf 74' lang='grc' dir='ltr'><strong>ἀποκαθιστᾶν</strong></span> <span class='ocrx_word' id='word_1_60' title='bbox 903 1183 960 1250; x_wconf 87' lang='grc' dir='ltr'><strong>καὶ</strong></span> <span class='ocrx_word' id='word_1_61' title='bbox 996 1183 1178 1266; x_wconf 73' lang='grc' dir='ltr'><strong>ἐπανάγειν,</strong></span> <span class='ocrx_word' id='word_1_62' title='bbox 1213 1196 1320 1251; x_wconf 77' lang='grc' dir='ltr'><strong>πᾶσαν</strong></span> 
     </span>
     <span class='ocr_line' id='line_1_8' title="bbox 59 1305 1320 1396; baseline 0.003 -24"><span class='ocrx_word' id='word_1_63' title='bbox 59 1305 154 1382; x_wconf 76' lang='grc' dir='ltr'><strong>τύτοῖς</strong></span> <span class='ocrx_word' id='word_1_64' title='bbox 189 1307 420 1396; x_wconf 75' lang='grc' dir='ltr'><strong>ἀπαλείφοντος</strong></span> <span class='ocrx_word' id='word_1_65' title='bbox 458 1310 513 1395; x_wconf 83' lang='grc' dir='ltr'><strong>την</strong></span> <span class='ocrx_word' id='word_1_66' title='bbox 548 1306 610 1373; x_wconf 76' lang='grc' dir='ltr'><strong>ἀπό</strong></span> <span class='ocrx_word' id='word_1_67' title='bbox 649 1313 826 1396; x_wconf 80' lang='grc' dir='ltr'><strong>γεννησεως</strong></span> <span class='ocrx_word' id='word_1_68' title='bbox 861 1309 979 1396; x_wconf 90' lang='grc' dir='ltr'><strong>κηλῖδα</strong></span> <span class='ocrx_word' id='word_1_69' title='bbox 1017 1313 1073 1374; x_wconf 89' lang='grc' dir='ltr'><strong>καί</strong></span> <span class='ocrx_word' id='word_1_70' title='bbox 1108 1307 1320 1388; x_wconf 78' lang='grc' dir='ltr'><strong>ἐπανάγοντες</strong></span> 
     </span>
     <span class='ocr_line' id='line_1_9' title="bbox 59 1430 1319 1521; baseline 0.002 -23"><span class='ocrx_word' id='word_1_71' title='bbox 59 1430 161 1508; x_wconf 83' lang='grc' dir='ltr'><strong>αύτούς</strong></span> <span class='ocrx_word' id='word_1_72' title='bbox 185 1433 232 1510; x_wconf 82' lang='grc' dir='ltr'><strong>εὶς</strong></span> <span class='ocrx_word' id='word_1_73' title='bbox 255 1439 359 1500; x_wconf 80' lang='grc' dir='ltr'><strong>πάντα</strong></span> <span class='ocrx_word' id='word_1_74' title='bbox 383 1438 421 1498; x_wconf 84' lang='grc' dir='ltr'><strong>τὰ</strong></span> <span class='ocrx_word' id='word_1_75' title='bbox 450 1431 487 1498; x_wconf 79' lang='grc' dir='ltr'><strong>ἐκ</strong></span> <span class='ocrx_word' id='word_1_76' title='bbox 516 1435 673 1521; x_wconf 80' lang='grc' dir='ltr'><strong>διαδοχῆς</strong></span> <span class='ocrx_word' id='word_1_77' title='bbox 707 1435 819 1500; x_wconf 89' lang='grc' dir='ltr'><strong>δίκαια</strong></span> <span class='ocrx_word' id='word_1_78' title='bbox 847 1438 903 1499; x_wconf 88' lang='grc' dir='ltr'><strong>καί</strong></span> <span class='ocrx_word' id='word_1_79' title='bbox 930 1439 969 1500; x_wconf 84' lang='grc' dir='ltr'><strong>τὰ</strong></span> <span class='ocrx_word' id='word_1_80' title='bbox 993 1432 1025 1510; x_wconf 73' lang='grc' dir='ltr'><strong>δε</strong></span> <span class='ocrx_word' id='word_1_81' title='bbox 1049 1431 1240 1512; x_wconf 78' lang='grc' dir='ltr'><strong>ἀδιαθίτου,</strong></span> <span class='ocrx_word' id='word_1_82' title='bbox 1276 1434 1319 1508; x_wconf 81' lang='grc' dir='ltr'><strong>εἶς</strong></span> 
     </span>
     <span class='ocr_line' id='line_1_10' title="bbox 59 1555 1319 1646; baseline 0.001 -24"><span class='ocrx_word' id='word_1_83' title='bbox 59 1583 85 1623; x_wconf 80' lang='grc' dir='ltr'><strong>τε</strong></span> <span class='ocrx_word' id='word_1_84' title='bbox 110 1565 214 1634; x_wconf 81' lang='grc' dir='ltr'><strong>παίσας</strong></span> <span class='ocrx_word' id='word_1_85' title='bbox 251 1563 307 1634; x_wconf 82' lang='grc' dir='ltr'><strong>τὰς</strong></span> <span class='ocrx_word' id='word_1_86' title='bbox 342 1563 434 1646; x_wconf 84' lang='grc' dir='ltr'><strong>τιμὰς</strong></span> <span class='ocrx_word' id='word_1_87' title='bbox 461 1564 519 1626; x_wconf 87' lang='grc' dir='ltr'><strong>καί</strong></span> <span class='ocrx_word' id='word_1_88' title='bbox 553 1558 659 1638; x_wconf 70' lang='grc' dir='ltr'><strong>ἀξίας,</strong></span> <span class='ocrx_word' id='word_1_89' title='bbox 695 1557 745 1633; x_wconf 72' lang='lat' dir='ltr'><strong>al&lt;</strong></span> <span class='ocrx_word' id='word_1_90' title='bbox 780 1555 914 1624; x_wconf 89' lang='grc' dir='ltr'><strong>δύναιντ’</strong></span> <span class='ocrx_word' id='word_1_91' title='bbox 951 1556 989 1624; x_wconf 85' lang='grc' dir='ltr'><strong>ἂν</strong></span> <span class='ocrx_word' id='word_1_92' title='bbox 1020 1560 1167 1646; x_wconf 81' lang='grc' dir='ltr'><strong>χρῆσθαι</strong></span> <span class='ocrx_word' id='word_1_93' title='bbox 1193 1563 1249 1623; x_wconf 84' lang='grc' dir='ltr'><strong>καί</strong></span> <span class='ocrx_word' id='word_1_94' title='bbox 1276 1557 1319 1624; x_wconf 81' lang='grc' dir='ltr'><strong>ὧν</strong></span> 
     </span>
     <span class='ocr_line' id='line_1_11' title="bbox 58 1683 1319 1772; baseline 0.002 -24"><span class='ocrx_word' id='word_1_95' title='bbox 58 1683 238 1751; x_wconf 71' lang='grc' dir='ltr'><strong>ἀπολαύσων</strong></span> <span class='ocrx_word' id='word_1_96' title='bbox 266 1683 297 1750; x_wconf 81' lang='grc' dir='ltr'><strong>οἱ</strong></span> <span class='ocrx_word' id='word_1_97' title='bbox 325 1689 448 1772; x_wconf 76' lang='grc' dir='ltr'><strong>γνήσιοι</strong></span> <span class='ocrx_word' id='word_1_98' title='bbox 471 1688 528 1749; x_wconf 85' lang='grc' dir='ltr'><strong>καί</strong></span> <span class='ocrx_word' id='word_1_99' title='bbox 552 1683 614 1750; x_wconf 80' lang='grc' dir='ltr'><strong>ἀπό</strong></span> <span class='ocrx_word' id='word_1_100' title='bbox 638 1689 777 1770; x_wconf 87' lang='grc' dir='ltr'><strong>νομίμων</strong></span> <span class='ocrx_word' id='word_1_101' title='bbox 807 1685 1018 1770; x_wconf 87' lang='grc' dir='ltr'><strong>προελθόντες</strong></span> <span class='ocrx_word' id='word_1_102' title='bbox 1047 1687 1157 1768; x_wconf 82' lang='grc' dir='ltr'><strong>γάμων</strong></span> <span class='ocrx_word' id='word_1_103' title='bbox 1180 1687 1236 1748; x_wconf 85' lang='grc' dir='ltr'><strong>καί</strong></span> <span class='ocrx_word' id='word_1_104' title='bbox 1258 1687 1319 1750; x_wconf 88' lang='grc' dir='ltr'><strong>θε-</strong></span> 
     </span>
     <span class='ocr_line' id='line_1_12' title="bbox 58 1781 1318 1896; baseline 0.001 -23"><span class='ocrx_word' id='word_1_105' title='bbox 58 1822 155 1892; x_wconf 82' lang='grc' dir='ltr'><strong>μιτιδν,</strong></span> <span class='ocrx_word' id='word_1_106' title='bbox 192 1807 401 1896; x_wconf 75' lang='grc' dir='ltr'><strong>ύπεξαίρομεν</strong></span> <span class='ocrx_word' id='word_1_107' title='bbox 429 1810 464 1876; x_wconf 78' lang='grc' dir='ltr'><strong>δδ</strong></span> <span class='ocrx_word' id='word_1_108' title='bbox 495 1813 551 1873; x_wconf 85' lang='grc' dir='ltr'><strong>καί</strong></span> <span class='ocrx_word' id='word_1_109' title='bbox 579 1811 725 1874; x_wconf 72' lang='grc' dir='ltr'><strong>νοεῖσθαι</strong></span> <span class='ocrx_word' id='word_1_110' title='bbox 754 1804 792 1874; x_wconf 85' lang='grc' dir='ltr'><strong>ού</strong></span> <span class='ocrx_word' id='word_1_111' title='bbox 816 1810 956 1895; x_wconf 78' lang='grc' dir='ltr'><strong>θόλομεν</strong></span> <span class='ocrx_word' id='word_1_112' title='bbox 983 1781 1016 1874; x_wconf 70' lang='grc' dir='ltr'><strong>δν</strong></span> <span class='ocrx_word' id='word_1_113' title='bbox 1045 1811 1168 1880; x_wconf 75' lang='grc' dir='ltr'><strong>τούτοις</strong></span> <span class='ocrx_word' id='word_1_114' title='bbox 1194 1814 1234 1876; x_wconf 84' lang='grc' dir='ltr'><strong>τὰ</strong></span> <span class='ocrx_word' id='word_1_115' title='bbox 1257 1821 1318 1874; x_wconf 81' lang='grc' dir='ltr'><strong>τῶν</strong></span> 
     </span>
     <span class='ocr_line' id='line_1_13' title="bbox 58 1929 1316 2020; baseline 0.002 -24"><span class='ocrx_word' id='word_1_116' title='bbox 58 1931 208 2000; x_wconf 85' lang='grc' dir='ltr'><strong>αύθεντιδν</strong></span> <span class='ocrx_word' id='word_1_117' title='bbox 237 1937 321 2000; x_wconf 84' lang='grc' dir='ltr'><strong>νόθα</strong></span> <span class='ocrx_word' id='word_1_118' title='bbox 351 1937 389 1998; x_wconf 83' lang='grc' dir='ltr'><strong>τὰ</strong></span> <span class='ocrx_word' id='word_1_119' title='bbox 419 1936 461 2020; x_wconf 78' lang='grc' dir='ltr'><strong>μη</strong></span> <span class='ocrx_word' id='word_1_120' title='bbox 491 1939 631 2020; x_wconf 87' lang='grc' dir='ltr'><strong>νομίμως</strong></span> <span class='ocrx_word' id='word_1_121' title='bbox 665 1936 723 1998; x_wconf 92' lang='grc' dir='ltr'><strong>καί</strong></span> <span class='ocrx_word' id='word_1_122' title='bbox 746 1939 883 2019; x_wconf 85' lang='grc' dir='ltr'><strong>γνησίως</strong></span> <span class='ocrx_word' id='word_1_123' title='bbox 906 1930 939 2008; x_wconf 57' lang='lat' dir='ltr'><strong>&amp;a</strong></span> <span class='ocrx_word' id='word_1_124' title='bbox 967 1929 1069 2000; x_wconf 76' lang='grc' dir='ltr'><strong>αὐτῶν</strong></span> <span class='ocrx_word' id='word_1_125' title='bbox 1102 1935 1316 2020; x_wconf 83' lang='grc' dir='ltr'><strong>προελθόντα,</strong></span> 
     </span>
     <span class='ocr_line' id='line_1_14' title="bbox 56 2056 1317 2143; baseline 0 -21"><span class='ocrx_word' id='word_1_126' title='bbox 56 2057 193 2134; x_wconf 76' lang='grc' dir='ltr'><strong>ὡσαύτως</strong></span> <span class='ocrx_word' id='word_1_127' title='bbox 218 2063 274 2123; x_wconf 83' lang='grc' dir='ltr'><strong>καί</strong></span> <span class='ocrx_word' id='word_1_128' title='bbox 305 2063 344 2124; x_wconf 83' lang='grc' dir='ltr'><strong>τὰ</strong></span> <span class='ocrx_word' id='word_1_129' title='bbox 371 2061 456 2122; x_wconf 85' lang='grc' dir='ltr'><strong>νόθα</strong></span> <span class='ocrx_word' id='word_1_130' title='bbox 485 2067 545 2122; x_wconf 77' lang='grc' dir='ltr'><strong>τοῖν</strong></span> <span class='ocrx_word' id='word_1_131' title='bbox 575 2061 741 2143; x_wconf 89' lang='grc' dir='ltr'><strong>μπαρόνων</strong></span> <span class='ocrx_word' id='word_1_132' title='bbox 768 2061 825 2122; x_wconf 88' lang='grc' dir='ltr'><strong>καῖ</strong></span> <span class='ocrx_word' id='word_1_133' title='bbox 854 2059 1003 2143; x_wconf 80' lang='grc' dir='ltr'><strong>κομητων</strong></span> <span class='ocrx_word' id='word_1_134' title='bbox 1037 2061 1094 2121; x_wconf 85' lang='grc' dir='ltr'><strong>καί</strong></span> <span class='ocrx_word' id='word_1_135' title='bbox 1121 2068 1182 2122; x_wconf 83' lang='grc' dir='ltr'><strong>των</strong></span> <span class='ocrx_word' id='word_1_136' title='bbox 1211 2056 1317 2122; x_wconf 80' lang='grc' dir='ltr'><strong>ἄλλων</strong></span> 
     </span>
     <span class='ocr_line' id='line_1_15' title="bbox 57 2177 1316 2270; baseline -0.001 -24"><span class='ocrx_word' id='word_1_137' title='bbox 57 2183 266 2270; x_wconf 74' lang='grc' dir='ltr'><strong>ἀξιωματικῶν</strong></span> <span class='ocrx_word' id='word_1_138' title='bbox 296 2181 427 2268; x_wconf 78' lang='grc' dir='ltr'><strong>ἀνδρῶν.</strong></span> <span class='ocrx_word' id='word_1_139' title='bbox 458 2181 506 2248; x_wconf 73' lang='grc' dir='ltr'><strong>ότι</strong></span> <span class='ocrx_word' id='word_1_140' title='bbox 533 2183 704 2260; x_wconf 76' lang='grc' dir='ltr'><strong>διορίζεται</strong></span> <span class='ocrx_word' id='word_1_141' title='bbox 730 2177 751 2267; x_wconf 84' lang='grc' dir='ltr'>ἡ</span> <span class='ocrx_word' id='word_1_142' title='bbox 781 2181 928 2266; x_wconf 87' lang='grc' dir='ltr'><strong>βασιλεία</strong></span> <span class='ocrx_word' id='word_1_143' title='bbox 956 2202 1030 2266; x_wconf 92' lang='grc' dir='ltr'><strong>μου,</strong></span> <span class='ocrx_word' id='word_1_144' title='bbox 1064 2178 1118 2246; x_wconf 78' lang='grc' dir='ltr'><strong>ἵνα</strong></span> <span class='ocrx_word' id='word_1_145' title='bbox 1152 2177 1246 2256; x_wconf 89' lang='grc' dir='ltr'><strong>ύσους</strong></span> <span class='ocrx_word' id='word_1_146' title='bbox 1277 2179 1316 2246; x_wconf 83' lang='grc' dir='ltr'><strong>ἂν</strong></span> 
     </span>
    </p>
   </div>
   <div class='ocr_carea' id='block_1_3' title="bbox 56 2295 1396 2405">
    <p class='ocr_par' dir='ltr' id='par_1_3' title="bbox 56 2295 1396 2405">
     <span class='ocr_line' id='line_1_16' title="bbox 56 2295 1396 2405; baseline 0 -35"><span class='ocrx_word' id='word_1_147' title='bbox 56 2314 101 2372; x_wconf 82' lang='grc' dir='ltr'><strong>καί</strong></span> <span class='ocrx_word' id='word_1_148' title='bbox 124 2307 225 2386; x_wconf 79' lang='grc' dir='ltr'><strong>οἵους,</strong></span> <span class='ocrx_word' id='word_1_149' title='bbox 261 2305 304 2382; x_wconf 82' lang='grc' dir='ltr'><strong>ιδς</strong></span> <span class='ocrx_word' id='word_1_150' title='bbox 333 2311 532 2405; x_wconf 78' lang='grc' dir='ltr'><strong>προείρηται,</strong></span> <span class='ocrx_word' id='word_1_151' title='bbox 563 2307 681 2378; x_wconf 92' lang='grc' dir='ltr'><strong>νόθους</strong></span> <span class='ocrx_word' id='word_1_152' title='bbox 710 2301 804 2378; x_wconf 82' lang='grc' dir='ltr'><strong>ὄντας</strong></span> <span class='ocrx_word' id='word_1_153' title='bbox 826 2307 882 2369; x_wconf 84' lang='grc' dir='ltr'><strong>καί</strong></span> <span class='ocrx_word' id='word_1_154' title='bbox 906 2303 1067 2390; x_wconf 87' lang='grc' dir='ltr'><strong>ἀθεμίτως</strong></span> <span class='ocrx_word' id='word_1_155' title='bbox 1090 2308 1317 2392; x_wconf 70' lang='grc' dir='ltr'><strong>προαχθέντας</strong></span> <span class='ocrx_word' id='word_1_156' title='bbox 1392 2295 1396 2308; x_wconf 81' lang='lat'>&#39;</span> 
     </span>
    </p>
   </div>
   <div class='ocr_carea' id='block_1_4' title="bbox 58 2427 1319 4752">
    <p class='ocr_par' dir='ltr' id='par_1_4' title="bbox 58 2427 1319 4752">
     <span class='ocr_line' id='line_1_17' title="bbox 58 2427 1317 2518; baseline 0 -24"><span class='ocrx_word' id='word_1_157' title='bbox 58 2429 98 2496; x_wconf 82' lang='grc' dir='ltr'><strong>ὲτῖ</strong></span> <span class='ocrx_word' id='word_1_158' title='bbox 120 2435 171 2497; x_wconf 87' lang='grc' dir='ltr'><strong>τόν</strong></span> <span class='ocrx_word' id='word_1_159' title='bbox 199 2434 267 2516; x_wconf 91' lang='grc' dir='ltr'><strong>βίον</strong></span> <span class='ocrx_word' id='word_1_160' title='bbox 297 2441 336 2518; x_wconf 79' lang='grc' dir='ltr'><strong>πρ</strong></span> <span class='ocrx_word' id='word_1_161' title='bbox 364 2431 418 2494; x_wconf 85' lang='grc' dir='ltr'><strong>διὰ</strong></span> <span class='ocrx_word' id='word_1_162' title='bbox 446 2440 506 2494; x_wconf 85' lang='grc' dir='ltr'><strong>των</strong></span> <span class='ocrx_word' id='word_1_163' title='bbox 532 2431 695 2514; x_wconf 91' lang='grc' dir='ltr'><strong>παρόντων</strong></span> <span class='ocrx_word' id='word_1_164' title='bbox 724 2429 950 2515; x_wconf 85' lang='grc' dir='ltr'><strong>χορηγηθείση</strong></span> <span class='ocrx_word' id='word_1_165' title='bbox 979 2427 1106 2513; x_wconf 72' lang='grc' dir='ltr'><strong>ἐξουσία</strong></span> <span class='ocrx_word' id='word_1_166' title='bbox 1129 2427 1159 2494; x_wconf 82' lang='grc' dir='ltr'><strong>οἱ</strong></span> <span class='ocrx_word' id='word_1_167' title='bbox 1180 2451 1317 2516; x_wconf 87' lang='grc' dir='ltr'><strong>προρρη-</strong></span> 
     </span>
     <span class='ocr_line' id='line_1_18' title="bbox 58 2549 1319 2644; baseline -0.001 -25"><span class='ocrx_word' id='word_1_168' title='bbox 58 2559 156 2630; x_wconf 82' lang='grc' dir='ltr'><strong>θέντες</strong></span> <span class='ocrx_word' id='word_1_169' title='bbox 181 2555 343 2644; x_wconf 78' lang='grc' dir='ltr'><strong>ἐπιφανείς</strong></span> <span class='ocrx_word' id='word_1_170' title='bbox 371 2553 485 2638; x_wconf 77' lang='grc' dir='ltr'><strong>ἄνδρες</strong></span> <span class='ocrx_word' id='word_1_171' title='bbox 519 2557 672 2637; x_wconf 89' lang='grc' dir='ltr'><strong>νομίμους</strong></span> <span class='ocrx_word' id='word_1_172' title='bbox 700 2555 926 2638; x_wconf 75' lang='grc' dir='ltr'><strong>καταστήσωσι</strong></span> <span class='ocrx_word' id='word_1_173' title='bbox 954 2556 1011 2616; x_wconf 89' lang='grc' dir='ltr'><strong>καί</strong></span> <span class='ocrx_word' id='word_1_174' title='bbox 1039 2558 1202 2640; x_wconf 85' lang='grc' dir='ltr'><strong>γνησίους,</strong></span> <span class='ocrx_word' id='word_1_175' title='bbox 1237 2549 1319 2618; x_wconf 84' lang='grc' dir='ltr'><strong>ούτω</strong></span> 
     </span>
     <span class='ocr_line' id='line_1_19' title="bbox 58 2675 1319 2765; baseline -0.001 -22"><span class='ocrx_word' id='word_1_176' title='bbox 58 2691 178 2744; x_wconf 81' lang='grc' dir='ltr'><strong>νοιδνται</strong></span> <span class='ocrx_word' id='word_1_177' title='bbox 209 2683 266 2745; x_wconf 89' lang='grc' dir='ltr'><strong>καί</strong></span> <span class='ocrx_word' id='word_1_178' title='bbox 297 2676 356 2745; x_wconf 80' lang='grc' dir='ltr'><strong>ιδσι</strong></span> <span class='ocrx_word' id='word_1_179' title='bbox 385 2681 513 2765; x_wconf 88' lang='grc' dir='ltr'><strong>νόμιμοί</strong></span> <span class='ocrx_word' id='word_1_180' title='bbox 543 2699 576 2740; x_wconf 86' lang='grc' dir='ltr'><strong>τε</strong></span> <span class='ocrx_word' id='word_1_181' title='bbox 600 2680 656 2742; x_wconf 85' lang='grc' dir='ltr'><strong>καί</strong></span> <span class='ocrx_word' id='word_1_182' title='bbox 688 2679 813 2762; x_wconf 82' lang='grc' dir='ltr'><strong>γνήσιοι</strong></span> <span class='ocrx_word' id='word_1_183' title='bbox 836 2680 893 2740; x_wconf 84' lang='grc' dir='ltr'><strong>καί</strong></span> <span class='ocrx_word' id='word_1_184' title='bbox 924 2685 980 2762; x_wconf 85' lang='grc' dir='ltr'><strong>τῆς</strong></span> <span class='ocrx_word' id='word_1_185' title='bbox 1004 2679 1153 2764; x_wconf 88' lang='grc' dir='ltr'><strong>τοιαύτης</strong></span> <span class='ocrx_word' id='word_1_186' title='bbox 1177 2675 1319 2744; x_wconf 85' lang='grc' dir='ltr'><strong>ἀπολαύ-</strong></span> 
     </span>
     <span class='ocr_line' id='line_1_20' title="bbox 58 2795 1317 2890; baseline 0.002 -26"><span class='ocrx_word' id='word_1_187' title='bbox 58 2825 116 2868; x_wconf 82' lang='grc' dir='ltr'><strong>ουσι</strong></span> <span class='ocrx_word' id='word_1_188' title='bbox 139 2806 363 2890; x_wconf 91' lang='grc' dir='ltr'><strong>γνησιότητος,</strong></span> <span class='ocrx_word' id='word_1_189' title='bbox 388 2797 469 2866; x_wconf 81' lang='grc' dir='ltr'><strong>ύστε</strong></span> <span class='ocrx_word' id='word_1_190' title='bbox 494 2800 616 2887; x_wconf 80' lang='grc' dir='ltr'><strong>μηδόνα</strong></span> <span class='ocrx_word' id='word_1_191' title='bbox 639 2801 753 2886; x_wconf 90' lang='grc' dir='ltr'><strong>τρόπον</strong></span> <span class='ocrx_word' id='word_1_192' title='bbox 778 2795 840 2863; x_wconf 84' lang='grc' dir='ltr'><strong>ἀπό</strong></span> <span class='ocrx_word' id='word_1_193' title='bbox 864 2801 982 2866; x_wconf 89' lang='grc' dir='ltr'><strong>τούτων</strong></span> <span class='ocrx_word' id='word_1_194' title='bbox 1006 2797 1214 2880; x_wconf 80' lang='grc' dir='ltr'><strong>ἐγγίγνεσθαι</strong></span> <span class='ocrx_word' id='word_1_195' title='bbox 1236 2806 1317 2887; x_wconf 93' lang='grc' dir='ltr'><strong>πρό-</strong></span> 
     </span>
     <span class='ocr_line' id='line_1_21' title="bbox 58 2924 1316 3014; baseline 0.002 -24"><span class='ocrx_word' id='word_1_196' title='bbox 58 2949 143 3014; x_wconf 88' lang='grc' dir='ltr'><strong>κριμα</strong></span> <span class='ocrx_word' id='word_1_197' title='bbox 171 2939 235 3001; x_wconf 86' lang='grc' dir='ltr'><strong>τοῖς</strong></span> <span class='ocrx_word' id='word_1_198' title='bbox 264 2937 323 2991; x_wconf 84' lang='grc' dir='ltr'><strong>των</strong></span> <span class='ocrx_word' id='word_1_199' title='bbox 352 2931 489 3012; x_wconf 84' lang='grc' dir='ltr'><strong>γνησίων</strong></span> <span class='ocrx_word' id='word_1_200' title='bbox 517 2929 573 2990; x_wconf 87' lang='grc' dir='ltr'><strong>καί</strong></span> <span class='ocrx_word' id='word_1_201' title='bbox 601 2929 717 3010; x_wconf 87' lang='grc' dir='ltr'><strong>κυρίως</strong></span> <span class='ocrx_word' id='word_1_202' title='bbox 744 2929 885 3010; x_wconf 86' lang='grc' dir='ltr'><strong>νομίμων</strong></span> <span class='ocrx_word' id='word_1_203' title='bbox 913 2924 1066 3002; x_wconf 89' lang='grc' dir='ltr'><strong>δικαίοις,</strong></span> <span class='ocrx_word' id='word_1_204' title='bbox 1104 2929 1182 3012; x_wconf 81' lang='grc' dir='ltr'><strong>μήτε</strong></span> <span class='ocrx_word' id='word_1_205' title='bbox 1211 2947 1316 3012; x_wconf 91' lang='grc' dir='ltr'><strong>παρα-</strong></span> 
     </span>
     <span class='ocr_line' id='line_1_22' title="bbox 59 3046 1317 3134; baseline 0.001 -19"><span class='ocrx_word' id='word_1_206' title='bbox 59 3052 247 3132; x_wconf 83' lang='grc' dir='ltr'><strong>βλιίπτεσθαι</strong></span> <span class='ocrx_word' id='word_1_207' title='bbox 275 3053 332 3122; x_wconf 84' lang='grc' dir='ltr'><strong>τὰς</strong></span> <span class='ocrx_word' id='word_1_208' title='bbox 360 3051 475 3115; x_wconf 90' lang='grc' dir='ltr'><strong>τούτων</strong></span> <span class='ocrx_word' id='word_1_209' title='bbox 511 3047 696 3132; x_wconf 68' lang='grc' dir='ltr'><strong>ἐλευθερίας</strong></span> <span class='ocrx_word' id='word_1_210' title='bbox 726 3046 759 3112; x_wconf 78' lang='grc' dir='ltr'><strong>ἕν</strong></span> <span class='ocrx_word' id='word_1_211' title='bbox 794 3069 828 3110; x_wconf 88' lang='grc' dir='ltr'><strong>τε</strong></span> <span class='ocrx_word' id='word_1_212' title='bbox 860 3048 1090 3134; x_wconf 74' lang='grc' dir='ltr'><strong>κληρονομίαις</strong></span> <span class='ocrx_word' id='word_1_213' title='bbox 1118 3053 1175 3113; x_wconf 90' lang='grc' dir='ltr'><strong>καί</strong></span> <span class='ocrx_word' id='word_1_214' title='bbox 1202 3051 1317 3116; x_wconf 89' lang='grc' dir='ltr'><strong>διαδο-</strong></span> 
     </span>
     <span class='ocr_line' id='line_1_23' title="bbox 59 3170 1315 3260; baseline 0.001 -22"><span class='ocrx_word' id='word_1_215' title='bbox 59 3189 118 3260; x_wconf 84' lang='grc' dir='ltr'><strong>χαῖς</strong></span> <span class='ocrx_word' id='word_1_216' title='bbox 145 3175 177 3240; x_wconf 80' lang='grc' dir='ltr'><strong>δν</strong></span> <span class='ocrx_word' id='word_1_217' title='bbox 207 3171 348 3247; x_wconf 79' lang='grc' dir='ltr'><strong>ἁπάσαις</strong></span> <span class='ocrx_word' id='word_1_218' title='bbox 377 3183 443 3246; x_wconf 83' lang='grc' dir='ltr'><strong>ταῖς</strong></span> <span class='ocrx_word' id='word_1_219' title='bbox 472 3170 534 3237; x_wconf 85' lang='grc' dir='ltr'><strong>ἀπό</strong></span> <span class='ocrx_word' id='word_1_220' title='bbox 563 3183 624 3235; x_wconf 85' lang='grc' dir='ltr'><strong>τιῖν</strong></span> <span class='ocrx_word' id='word_1_221' title='bbox 651 3171 871 3256; x_wconf 82' lang='grc' dir='ltr'><strong>κληρονομιῶν</strong></span> <span class='ocrx_word' id='word_1_222' title='bbox 900 3174 957 3235; x_wconf 86' lang='grc' dir='ltr'><strong>καί</strong></span> <span class='ocrx_word' id='word_1_223' title='bbox 984 3171 1143 3258; x_wconf 83' lang='grc' dir='ltr'><strong>διαδοχῶν</strong></span> <span class='ocrx_word' id='word_1_224' title='bbox 1171 3177 1257 3239; x_wconf 78' lang='grc' dir='ltr'><strong>κατὰ</strong></span> <span class='ocrx_word' id='word_1_225' title='bbox 1281 3177 1315 3239; x_wconf 85' lang='grc' dir='ltr'><strong>τό</strong></span> 
     </span>
     <span class='ocr_line' id='line_1_24' title="bbox 59 3291 1313 3385; baseline -0.001 -24"><span class='ocrx_word' id='word_1_226' title='bbox 59 3297 216 3383; x_wconf 77' lang='grc' dir='ltr'><strong>ἐπιβάλλον</strong></span> <span class='ocrx_word' id='word_1_227' title='bbox 250 3299 427 3382; x_wconf 84' lang='grc' dir='ltr'><strong>διανομαῖς.</strong></span> <span class='ocrx_word' id='word_1_228' title='bbox 458 3295 502 3368; x_wconf 78' lang='grc' dir='ltr'><strong>εἰς</strong></span> <span class='ocrx_word' id='word_1_229' title='bbox 537 3291 591 3358; x_wconf 89' lang='grc' dir='ltr'><strong>ούν</strong></span> <span class='ocrx_word' id='word_1_230' title='bbox 619 3295 674 3380; x_wconf 83' lang='grc' dir='ltr'><strong>τὴν</strong></span> <span class='ocrx_word' id='word_1_231' title='bbox 704 3298 777 3379; x_wconf 88' lang='grc' dir='ltr'><strong>περί</strong></span> <span class='ocrx_word' id='word_1_232' title='bbox 807 3295 922 3360; x_wconf 90' lang='grc' dir='ltr'><strong>τούτων</strong></span> <span class='ocrx_word' id='word_1_233' title='bbox 956 3294 1094 3381; x_wconf 81' lang='grc' dir='ltr'><strong>δήλωσιν</strong></span> <span class='ocrx_word' id='word_1_234' title='bbox 1122 3299 1178 3360; x_wconf 85' lang='grc' dir='ltr'><strong>καί</strong></span> <span class='ocrx_word' id='word_1_235' title='bbox 1207 3293 1313 3385; x_wconf 85' lang='grc' dir='ltr'><strong>ἀσραί-</strong></span> 
     </span>
     <span class='ocr_line' id='line_1_25' title="bbox 59 3417 1313 3506; baseline 0 -20"><span class='ocrx_word' id='word_1_236' title='bbox 59 3423 131 3488; x_wconf 88' lang='grc' dir='ltr'><strong>λιιαν</strong></span> <span class='ocrx_word' id='word_1_237' title='bbox 155 3423 281 3504; x_wconf 71' lang='grc' dir='ltr'><strong>ἐγένετο</strong></span> <span class='ocrx_word' id='word_1_238' title='bbox 304 3423 385 3506; x_wconf 87' lang='grc' dir='ltr'><strong>πρός</strong></span> <span class='ocrx_word' id='word_1_239' title='bbox 409 3421 481 3494; x_wconf 85' lang='grc' dir='ltr'><strong>τούς</strong></span> <span class='ocrx_word' id='word_1_240' title='bbox 504 3417 744 3505; x_wconf 76' lang='grc' dir='ltr'><strong>προρρηθέντας</strong></span> <span class='ocrx_word' id='word_1_241' title='bbox 769 3419 928 3504; x_wconf 71' lang='grc' dir='ltr'><strong>ἐπιφανείς</strong></span> <span class='ocrx_word' id='word_1_242' title='bbox 954 3417 1081 3504; x_wconf 81' lang='grc' dir='ltr'><strong>ἄνδρας,</strong></span> <span class='ocrx_word' id='word_1_243' title='bbox 1105 3424 1214 3485; x_wconf 87' lang='grc' dir='ltr'><strong>τόντε</strong></span> <span class='ocrx_word' id='word_1_244' title='bbox 1239 3419 1313 3488; x_wconf 76' lang='grc' dir='ltr'><strong>ἐσό-</strong></span> 
     </span>
     <span class='ocr_line' id='line_1_26' title="bbox 59 3543 1308 3632; baseline 0.002 -22"><span class='ocrx_word' id='word_1_245' title='bbox 59 3568 136 3628; x_wconf 86' lang='grc' dir='ltr'><strong>μενον</strong></span> <span class='ocrx_word' id='word_1_246' title='bbox 164 3550 250 3612; x_wconf 87' lang='grc' dir='ltr'><strong>κατὰ</strong></span> <span class='ocrx_word' id='word_1_247' title='bbox 278 3545 435 3631; x_wconf 81' lang='grc' dir='ltr'><strong>διαδοχην</strong></span> <span class='ocrx_word' id='word_1_248' title='bbox 464 3553 520 3631; x_wconf 86' lang='grc' dir='ltr'><strong>τῆς</strong></span> <span class='ocrx_word' id='word_1_249' title='bbox 547 3545 753 3628; x_wconf 88' lang='grc' dir='ltr'><strong>δικαιοσύνης</strong></span> <span class='ocrx_word' id='word_1_250' title='bbox 781 3547 999 3630; x_wconf 80' lang='grc' dir='ltr'><strong>σημαιοφόρον</strong></span> <span class='ocrx_word' id='word_1_251' title='bbox 1033 3547 1089 3608; x_wconf 88' lang='grc' dir='ltr'><strong>καί</strong></span> <span class='ocrx_word' id='word_1_252' title='bbox 1124 3543 1197 3618; x_wconf 87' lang='grc' dir='ltr'><strong>τούς</strong></span> <span class='ocrx_word' id='word_1_253' title='bbox 1226 3551 1308 3632; x_wconf 81' lang='grc' dir='ltr'><strong>πριό-</strong></span> 
     </span>
     <span class='ocr_line' id='line_1_27' title="bbox 59 3666 1312 3759; baseline 0.003 -25"><span class='ocrx_word' id='word_1_254' title='bbox 59 3695 113 3748; x_wconf 86' lang='grc' dir='ltr'><strong>ιοος</strong></span> <span class='ocrx_word' id='word_1_255' title='bbox 148 3683 207 3738; x_wconf 83' lang='grc' dir='ltr'><strong>τῶν</strong></span> <span class='ocrx_word' id='word_1_256' title='bbox 242 3683 361 3759; x_wconf 83' lang='grc' dir='ltr'><strong>τεχνῶν</strong></span> <span class='ocrx_word' id='word_1_257' title='bbox 388 3674 444 3736; x_wconf 84' lang='grc' dir='ltr'><strong>καί</strong></span> <span class='ocrx_word' id='word_1_258' title='bbox 472 3666 489 3734; x_wconf 85' lang='grc' dir='ltr'>ὁ</span> <span class='ocrx_word' id='word_1_259' title='bbox 516 3670 624 3754; x_wconf 86' lang='grc' dir='ltr'><strong>παριδν</strong></span> <span class='ocrx_word' id='word_1_260' title='bbox 659 3667 897 3755; x_wconf 89' lang='grc' dir='ltr'><strong>χροσόβουλλος</strong></span> <span class='ocrx_word' id='word_1_261' title='bbox 931 3669 1027 3750; x_wconf 91' lang='grc' dir='ltr'><strong>λόγος</strong></span> <span class='ocrx_word' id='word_1_262' title='bbox 1062 3679 1118 3757; x_wconf 83' lang='grc' dir='ltr'><strong>τῆς</strong></span> <span class='ocrx_word' id='word_1_263' title='bbox 1147 3673 1312 3756; x_wconf 87' lang='grc' dir='ltr'><strong>βασιλείας</strong></span> 
     </span>
     <span class='ocr_line' id='line_1_28' title="bbox 60 3789 1312 3886; baseline 0.002 -26"><span class='ocrx_word' id='word_1_264' title='bbox 60 3819 118 3876; x_wconf 90' lang='grc' dir='ltr'><strong>μου,</strong></span> <span class='ocrx_word' id='word_1_265' title='bbox 153 3796 327 3870; x_wconf 80' lang='grc' dir='ltr'><strong>ἀπολυθείς</strong></span> <span class='ocrx_word' id='word_1_266' title='bbox 363 3791 470 3866; x_wconf 87' lang='grc' dir='ltr'><strong>αύτοῑς</strong></span> <span class='ocrx_word' id='word_1_267' title='bbox 504 3797 588 3858; x_wconf 87' lang='grc' dir='ltr'><strong>κατὰ</strong></span> <span class='ocrx_word' id='word_1_268' title='bbox 624 3802 707 3880; x_wconf 81' lang='grc' dir='ltr'><strong>μῆνα</strong></span> <span class='ocrx_word' id='word_1_269' title='bbox 746 3789 922 3872; x_wconf 86' lang='grc' dir='ltr'><strong>αύγοοστον</strong></span> <span class='ocrx_word' id='word_1_270' title='bbox 957 3803 1013 3880; x_wconf 83' lang='grc' dir='ltr'><strong>της</strong></span> <span class='ocrx_word' id='word_1_271' title='bbox 1048 3803 1100 3860; x_wconf 90' lang='grc' dir='ltr'><strong>νύν</strong></span> <span class='ocrx_word' id='word_1_272' title='bbox 1135 3800 1312 3886; x_wconf 85' lang='grc' dir='ltr'><strong>τρεχούσης</strong></span> 
     </span>
     <span class='ocr_line' id='line_1_29' title="bbox 59 3915 1310 4010; baseline 0.003 -28"><span class='ocrx_word' id='word_1_273' title='bbox 59 3920 191 4010; x_wconf 73' lang='grc' dir='ltr'><strong>δευτέρας</strong></span> <span class='ocrx_word' id='word_1_274' title='bbox 228 3919 423 3992; x_wconf 79' lang='grc' dir='ltr'><strong>λνδικτιωνος</strong></span> <span class='ocrx_word' id='word_1_275' title='bbox 461 3925 516 3982; x_wconf 87' lang='grc' dir='ltr'><strong>τού</strong></span> <span class='ocrx_word' id='word_1_276' title='bbox 559 3915 991 4003; x_wconf 73' lang='grc' dir='ltr'><strong>ἑξακισχιλιοστού</strong></span> <span class='ocrx_word' id='word_1_277' title='bbox 1035 3919 1310 3986; x_wconf 73' lang='grc' dir='ltr'><strong>ἐννακοσίο-</strong></span> 
     </span>
     <span class='ocr_line' id='line_1_30' title="bbox 60 4038 1309 4132; baseline -0.001 -21"><span class='ocrx_word' id='word_1_278' title='bbox 60 4057 150 4113; x_wconf 84' lang='grc' dir='ltr'><strong>ττού</strong></span> <span class='ocrx_word' id='word_1_279' title='bbox 185 4049 578 4130; x_wconf 85' lang='grc' dir='ltr'><strong>τεσσαρακοστού</strong></span> <span class='ocrx_word' id='word_1_280' title='bbox 613 4038 817 4126; x_wconf 77' lang='grc' dir='ltr'><strong>ἑβδόμου</strong></span> <span class='ocrx_word' id='word_1_281' title='bbox 850 4039 954 4120; x_wconf 78' lang='grc' dir='ltr'><strong>ἔτους,</strong></span> <span class='ocrx_word' id='word_1_282' title='bbox 985 4041 1146 4130; x_wconf 76' lang='grc' dir='ltr'><strong>δνιβκαί</strong></span> <span class='ocrx_word' id='word_1_283' title='bbox 1170 4041 1309 4132; x_wconf 78' lang='grc' dir='ltr'><strong>τύημέ-</strong></span> 
     </span>
     <span class='ocr_line' id='line_1_31' title="bbox 60 4160 1066 4257; baseline 0 -25"><span class='ocrx_word' id='word_1_284' title='bbox 60 4191 129 4257; x_wconf 84' lang='grc' dir='ltr'><strong>τερον</strong></span> <span class='ocrx_word' id='word_1_285' title='bbox 152 4169 282 4254; x_wconf 82' lang='grc' dir='ltr'><strong>εύσεβὲς</strong></span> <span class='ocrx_word' id='word_1_286' title='bbox 306 4172 362 4256; x_wconf 74' lang='grc' dir='ltr'><strong>κρῖ</strong></span> <span class='ocrx_word' id='word_1_287' title='bbox 385 4165 625 4252; x_wconf 85' lang='grc' dir='ltr'><strong>θεοπρόβλητυν</strong></span> <span class='ocrx_word' id='word_1_288' title='bbox 648 4160 872 4252; x_wconf 83' lang='grc' dir='ltr'><strong>ύπεσημήνατο</strong></span> <span class='ocrx_word' id='word_1_289' title='bbox 896 4168 1014 4252; x_wconf 77' lang='grc' dir='ltr'><strong>κρότος</strong></span> <span class='ocrx_word' id='word_1_290' title='bbox 1036 4169 1066 4247; x_wconf 89' lang='lat'><strong>†.</strong></span> 
     </span>
     <span class='ocr_line' id='line_1_32' title="bbox 128 4289 1308 4382; baseline 0 -22"><span class='ocrx_word' id='word_1_291' title='bbox 128 4297 412 4380; x_wconf 73' lang='grc' dir='ltr'><strong>γἸωόννης,</strong></span> <span class='ocrx_word' id='word_1_292' title='bbox 457 4292 502 4356; x_wconf 79' lang='grc' dir='ltr'><strong>δν</strong></span> <span class='ocrx_word' id='word_1_293' title='bbox 543 4289 732 4382; x_wconf 27' lang='grc' dir='ltr'><strong>Χριστῷ,</strong></span> <span class='ocrx_word' id='word_1_294' title='bbox 762 4289 816 4376; x_wconf 82' lang='grc' dir='ltr'><strong>τῷ</strong></span> <span class='ocrx_word' id='word_1_295' title='bbox 852 4290 943 4378; x_wconf 81' lang='grc' dir='ltr'><strong>θεῷ</strong></span> <span class='ocrx_word' id='word_1_296' title='bbox 978 4295 1142 4366; x_wconf 84' lang='grc' dir='ltr'><strong>πιστός</strong></span> <span class='ocrx_word' id='word_1_297' title='bbox 1181 4295 1308 4378; x_wconf 89' lang='grc' dir='ltr'><strong>βασι-</strong></span> 
     </span>
     <span class='ocr_line' id='line_1_33' title="bbox 59 4401 1307 4502; baseline 0.004 -20"><span class='ocrx_word' id='word_1_298' title='bbox 59 4417 143 4497; x_wconf 86' lang='grc' dir='ltr'><strong>λεός</strong></span> <span class='ocrx_word' id='word_1_299' title='bbox 177 4425 257 4486; x_wconf 89' lang='grc' dir='ltr'><strong>καί</strong></span> <span class='ocrx_word' id='word_1_300' title='bbox 292 4415 595 4502; x_wconf 71' lang='grc' dir='ltr'><strong>αὐτοκράτωρ</strong></span> <span class='ocrx_word' id='word_1_301' title='bbox 634 4411 880 4499; x_wconf 86' lang='grc' dir='ltr'><strong>Ῥωμαίων,</strong></span> <span class='ocrx_word' id='word_1_302' title='bbox 916 4401 1307 4499; x_wconf 85' lang='grc' dir='ltr'><strong>δΠαλαιολόγος.</strong></span> 
     </span>
     <span class='ocr_line' id='line_1_34' title="bbox 128 4545 1309 4626; baseline 0.002 -19"><span class='ocrx_word' id='word_1_303' title='bbox 128 4555 204 4626; x_wconf 70' lang='grc' dir='ltr'><strong>Θήρ.</strong></span> <span class='ocrx_word' id='word_1_304' title='bbox 232 4551 344 4608; x_wconf 71' lang='lat' dir='ltr'><em>membr.</em></span> <span class='ocrx_word' id='word_1_305' title='bbox 375 4549 514 4604; x_wconf 73' lang='lat' dir='ltr'><strong><em>tabularii</em></strong></span> <span class='ocrx_word' id='word_1_306' title='bbox 543 4545 704 4601; x_wconf 66' lang='grc' dir='ltr'><strong>Ιίῖοπεκίύκε·</strong></span> <span class='ocrx_word' id='word_1_307' title='bbox 733 4564 795 4601; x_wconf 78' lang='grc' dir='ltr'><strong>οντα</strong></span> <span class='ocrx_word' id='word_1_308' title='bbox 823 4565 915 4602; x_wconf 75' lang='lat' dir='ltr'><strong>ama</strong></span> <span class='ocrx_word' id='word_1_309' title='bbox 943 4549 1023 4603; x_wconf 83' lang='grc' dir='ltr'><strong>δοίία</strong></span> <span class='ocrx_word' id='word_1_310' title='bbox 1049 4567 1191 4621; x_wconf 69' lang='lat' dir='ltr'><strong>mma</strong></span> <span class='ocrx_word' id='word_1_311' title='bbox 1220 4555 1309 4609; x_wconf 80' lang='grc' dir='ltr'><strong>εατῖοο</strong></span> 
     </span>
     <span class='ocr_line' id='line_1_35' title="bbox 60 4647 1307 4752; baseline 0 -20"><span class='ocrx_word' id='word_1_312' title='bbox 60 4678 173 4736; x_wconf 66' lang='lat' dir='ltr'><strong>violam.-</strong></span> <span class='ocrx_word' id='word_1_313' title='bbox 196 4681 228 4734; x_wconf 82' lang='grc' dir='ltr'><strong>ι’νε</strong></span> <span class='ocrx_word' id='word_1_314' title='bbox 243 4687 331 4750; x_wconf 72' lang='grc' dir='ltr'><strong>μανία</strong></span> <span class='ocrx_word' id='word_1_315' title='bbox 351 4675 470 4730; x_wconf 63' lang='lat' dir='ltr'><strong>advorso</strong></span> <span class='ocrx_word' id='word_1_316' title='bbox 490 4674 584 4742; x_wconf 78' lang='grc' dir='ltr'><strong>δοιαρο</strong></span> <span class='ocrx_word' id='word_1_317' title='bbox 604 4669 709 4726; x_wconf 68' lang='lat' dir='ltr'><strong>christi</strong></span> <span class='ocrx_word' id='word_1_318' title='bbox 730 4687 793 4725; x_wconf 79' lang='grc' dir='ltr'><strong>ακω</strong></span> <span class='ocrx_word' id='word_1_319' title='bbox 812 4672 903 4726; x_wconf 74' lang='lat' dir='ltr'><strong>litorio</strong></span> <span class='ocrx_word' id='word_1_320' title='bbox 917 4647 958 4735; x_wconf 66' lang='grc' dir='ltr'><strong>Ῐῧ</strong></span> <span class='ocrx_word' id='word_1_321' title='bbox 972 4649 1042 4752; x_wconf 63' lang='grc' dir='ltr'><strong>ῖῧγ</strong></span> <span class='ocrx_word' id='word_1_322' title='bbox 1058 4675 1089 4729; x_wconf 73' lang='lat' dir='ltr'><strong>in</strong></span> <span class='ocrx_word' id='word_1_323' title='bbox 1100 4685 1188 4752; x_wconf 76' lang='grc' dir='ltr'><strong>ρωνίο</strong></span> <span class='ocrx_word' id='word_1_324' title='bbox 1203 4695 1307 4739; x_wconf 65' lang='lat' dir='ltr'><strong><em>avena</em></strong></span> 
     </span>
    </p>
   </div>
   <div class='ocr_carea' id='block_1_5' title="bbox 60 4797 612 4881">
    <p class='ocr_par' dir='ltr' id='par_1_5' title="bbox 60 4797 612 4881">
     <span class='ocr_line' id='line_1_36' title="bbox 60 4797 612 4881; baseline -0.009 -25"><span class='ocrx_word' id='word_1_325' title='bbox 60 4799 131 4878; x_wconf 73' lang='grc' dir='ltr'><strong>ἰπορο</strong></span> <span class='ocrx_word' id='word_1_326' title='bbox 145 4805 326 4881; x_wconf 57' lang='lat' dir='ltr'><strong>{ruperam</strong></span> <span class='ocrx_word' id='word_1_327' title='bbox 341 4817 404 4855; x_wconf 81' lang='grc' dir='ltr'><strong>ανον</strong></span> <span class='ocrx_word' id='word_1_328' title='bbox 418 4801 477 4858; x_wconf 80' lang='grc' dir='ltr'><strong>οίιω</strong></span> <span class='ocrx_word' id='word_1_329' title='bbox 491 4797 612 4861; x_wconf 78' lang='grc' dir='ltr'><strong>ποιοδκε,</strong></span> 
     </span>
    </p>
   </div>
   <div class='ocr_carea' id='block_1_6' title="bbox 0 0 1570 5268">
    <p class='ocr_par' dir='ltr' id='par_1_6' title="bbox 0 0 1570 5268">
     <span class='ocr_line' id='line_1_37' title="bbox 0 0 1570 5268; baseline 0 1"><span class='ocrx_word' id='word_1_330' title='bbox 0 0 1570 5268; x_wconf 95' lang='lat' dir='ltr'><strong> </strong></span> 
     </span>
    </p>
   </div>
  </div>
 </body>
</html>
