3148 5268
1280 370 1325 438 δύ

62 565 236 640 σιαοτικούς
267 564 381 640 οἴακας
416 565 567 654 τηνικάδε
603 563 865 654 ἀγχειριζύριενοι·
893 565 1155 654 σογκεκληρυται
1182 567 1242 649 γὰρ
1273 561 1324 628 ἀεί

61 699 99 756 τῦ
119 690 301 758 πολυπαθεῖ
324 692 424 778 τούτιρ
448 691 506 777 βίιρ
529 695 586 756 καί
608 689 799 778 πολουιδύνιρ
820 693 901 777 μετὰ
924 699 984 756 τῶν
1007 686 1182 778 ἡδυνόντων
1205 691 1262 754 καί
1284 691 1323 754 τά

61 813 206 882 ἐπείδονα·
230 815 312 902 πλὴν
337 813 370 880 αἱ
393 811 566 902 ἀποτυχίαι
590 809 740 880 ούδίποτε
764 817 823 888 τὰς
847 812 979 896 ἀγαθὰς
1007 811 1138 888 όλπίδας
1167 811 1209 900 τῷ
1235 814 1326 900 βυθῷ

60 949 108 1026 της
142 940 251 1028 λήθης
274 939 557 1026 παραδεδώκασιν,
582 937 648 1018 οὐδ’
673 936 903 1026 ἀξικρούσαντο
927 947 988 1004 τῶν
1013 935 1227 1026 ἀγχειρησευν
1250 937 1323 1010 τούς

60 1060 250 1147 ἀνθρώπους.
276 1065 328 1128 τόν
353 1067 423 1130 νόον
448 1086 503 1150 μοι
524 1061 720 1130 Ναυπάκτου
742 1063 959 1150 προβάλλεταί
983 1084 1041 1128 σου
1062 1056 1083 1148 ἡ
1101 1062 1252 1146 βασιλεία
1268 1065 1324 1126 καὶ

59 1187 107 1273 τόν
130 1188 243 1254 τούτου
265 1191 448 1274 περίστασιν
472 1190 528 1252 καί
550 1183 593 1264 ὃς
620 1187 780 1278 ρόβητρον
802 1195 913 1254 τούτον
936 1183 1094 1252 ἵστασθαι
1117 1197 1182 1260 τοῖς
1202 1185 1322 1250 πλόου-

61 1333 111 1376 οιν.
135 1309 207 1376 ἀλλ’
236 1307 273 1376 ού
295 1313 422 1391 καινόν,
447 1307 513 1376 ούδ
549 1309 712 1400 ἀσύνηθες
734 1319 828 1380 τούτο
851 1322 917 1391 τοῖς
940 1319 1000 1376 τῶν
1026 1307 1241 1376 Ναυπακτίων
1269 1307 1322 1376 λκ-

58 1437 201 1522 κλησίαις
223 1441 381 1524 ποιρόσιν·
405 1433 578 1526 ἀρρύρεταί
602 1459 656 1522 ριοι
678 1439 735 1502 καί
758 1434 806 1500 ότι
829 1435 872 1522 τῷ
897 1437 1034 1522 ρινήριονι
1056 1441 1113 1521 τῆς
1128 1418 1232 1522 ψυχῆς
1252 1431 1323 1500 ἕτε-

59 1563 105 1645 ρός
120 1583 166 1634 τις
182 1558 379 1628 Ναυπάκτου
402 1565 474 1644 (καί
493 1558 608 1648 Tapae
630 1557 669 1648 ἦν
693 1557 805 1646 ἀκείνιρ
828 1561 872 1646 τῷ
894 1557 984 1648 ἀνδρί
1006 1561 1042 1624 τό
1059 1557 1246 1648 ἀπαίνυρον),
1267 1561 1323 1624 καί

60 1689 164 1764 γέγονε
188 1696 252 1760 τοῖς
271 1695 435 1772 πειραταῖς
463 1681 480 1750 ύ
504 1688 603 1771 κόρυν
628 1681 834 1772 ἀγρεύσιρος,
858 1687 915 1750 καὶ
937 1687 1154 1750 πεντακοσίων
1175 1680 1322 1770 ἀπεδόθη

59 1813 222 1894 χρυσίνιεν,
252 1807 282 1874 τί
306 1809 349 1896 μη
377 1806 588 1898 όπιλίλησμαι
618 1817 674 1898 τῆς
697 1815 753 1877 τοῦ
777 1805 918 1896 ἀριθμοῦ
944 1805 1120 1894 ἀκριβείας.
1148 1809 1246 1896 βαβαί
1268 1816 1324 1896 τῆς

57 1933 170 2020 πολλῆς
187 1932 316 1998 όκείνου
331 1941 387 1998 τού
409 1930 535 2019 Τίίρου,
559 1930 601 1998 δι’
624 1931 663 2020 ῆν
686 1940 837 1998 τοσοῦτον
861 1931 1035 2020 τετίμηται,
1059 1935 1115 1998 καί
1138 1933 1194 2020 την
1210 1953 1322 2018 πειρα-

60 2057 139 2142 τικην
164 2055 316 2143 ἀκόρεσεν
341 2055 533 2144 ἀπληστίαν,
557 2053 609 2122 δτι
633 2060 689 2123 καί
710 2051 731 2144 ἡ
755 2053 825 2122 κατ’
850 2053 970 2122 ἀκεῖνον
993 2055 1154 2142 τραγῳδία
1184 2054 1229 2130 εἰς
1256 2076 1323 2120 κιε-

59 2181 173 2266 ριρδίαν
194 2191 259 2255 τοῖς
276 2185 563 2269 χαρισντιίοριίνοις
580 2177 810 2269 ἀπετελεύτησε
826 2184 883 2246 καί
900 2179 945 2255 εἰς
962 2177 1166 2249 ἀστειότατον
1183 2179 1322 2266 αἴνιγμα.

61 2301 123 2368 ἀλλ’
157 2303 281 2396 ἐκεῖνος
317 2307 373 2392 ρόν
408 2307 500 2392 χερσί
526 2304 715 2391 λῃστρικαῖς
743 2307 990 2392 σεσαηήνευται,
1025 2302 1042 2372 ύ
1068 2304 1104 2370 δύ
1134 2301 1200 2392 μετ’
1229 2301 1324 2370 αύτόν

61 2425 111 2492 ούκ
128 2428 187 2506 ότι,
212 2426 285 2494 ἀλλ’
301 2426 421 2496 εύθετα
436 2431 540 2494 πάντα
556 2427 668 2516 ἀκείνιρ
691 2431 747 2494 καί
770 2425 889 2514 όραλὰ,
912 2432 969 2494 καί
993 2430 1061 2514 βίον
1078 2425 1253 2516 εύδαίριονα
1270 2432 1325 2494 καὶ

60 2554 263 2640 πολυχρόνιον
287 2551 441 2629 ἐξανύσας
465 2555 545 2640 μετὰ
568 2553 702 2640 λιπαροῦ
727 2555 832 2640 γήρως
859 2551 907 2618 δτι
931 2563 970 2642 τι]
994 2561 1049 2620 τοῦ
1078 2554 1148 2638 βίου
1176 2555 1324 2642 θαλάττῃ

62 2675 202 2762 ὲρπλόειν
225 2675 447 2766 ἀπιρηριίζεται
474 2679 531 2744 καὶ
558 2687 663 2766 σορός
687 2673 730 2741 ιδν
757 2680 814 2740 καί
844 2680 944 2765 ρρίνα
970 2677 1240 2766 περιβεβλημένος
1264 2679 1325 2764 βα-

61 2803 143 2868 θεῖάν
167 2825 203 2868 τε
228 2807 283 2866 καί
307 2801 453 2884 δλλοκον,
477 2805 534 2868 καί
559 2797 662 2868 αύτῶν
689 2811 750 2866 τῶν
779 2798 812 2865 ἐν
840 2800 883 2890 τῷ
910 2799 1008 2888 ἀερίιρ
1036 2799 1240 2890 όλλιρνασρῷ
1267 2823 1322 2891 νη-

62 2932 201 3010 χορόνιυν
238 2930 491 3014 κατασορίῑεται
526 2935 698 3012 πειρατῶν,
736 2929 792 2990 καί
830 2927 865 2990 τό
905 2926 1005 3014 ρίλαν
1043 2935 1104 2990 τῶν
1142 2937 1325 3014 ροναχικΐεν

62 3045 268 3138 ἀρρισριάτυιν
290 3051 546 3128 καθυποδύεται,
582 3045 687 3134 δσπερ
710 3052 779 3114 τινὰ
803 3049 902 3114 νύκτα
927 3019 1063 3134 βαθιίαν
1087 3049 1133 3126 εἰς
1156 3061 1222 3138 ριἐς
1249 3048 1324 3116 ἀνί-

61 3193 166 3260 σπερον
200 3179 489 3262 παραπόρπουσαν,
525 3175 564 3240 τὰ
598 3175 746 3260 πάνακρα
785 3183 846 3238 τῶν
881 3171 995 3260 ἀτρίον
1029 3177 1215 3262 πνευμάτων
1253 3177 1325 3242 δια-

62 3297 165 3380 δρᾶναι
186 3301 496 3386 πραγματευόμενος.
522 3298 625 3378 τίδὲ,
650 3305 857 3384 τρισπριστεῦ,
881 3303 1154 3386 πανευτοχόστατι
1175 3301 1324 3378 δέσποτα,

63 3423 161 3504 ρόνοις
197 3431 262 3496 τοῖς
297 3422 461 3500 δυσμόθεν
496 3421 540 3496 εἰς
567 3420 611 3488 δυ
643 3417 939 3510 διαπεραιουρόνοις
974 3425 1009 3488 τό
1044 3427 1129 3490 κατὰ
1160 3425 1325 3491 θάλατταν

62 3545 125 3620 δίυς
157 3545 436 3634 ἀπισεισθίρσεται,
472 3543 542 3612 ἀλλ’
573 3541 646 3634 ούχὶ
676 3551 733 3612 καί
761 3559 825 3620 τοῖς
853 3548 908 3634 την
943 3545 1088 3614 ἐναντίαν
1122 3549 1326 3638 διατόρνουσι

63 3673 109 3732 καί
138 3681 199 3736 τῶν
229 3667 425 3736 ἀνατολικῶν
462 3668 631 3756 ἀπαίρουσι
664 3672 741 3756 πρός
768 3673 809 3734 τόι
836 3671 992 3758 δυσρικά;
1021 3676 1077 3738 καί
1108 3667 1326 3761 ύπεκσπησον-

65 3813 106 3856 τοι
139 3796 262 3868 τούτοις
300 3803 356 3882 τῆς
395 3795 489 3884 ρίλης
523 3794 683 3860 κελεύθου
722 3797 778 3861 καί
817 3802 872 3880 της
911 3792 1041 3882 ἀνύτρου
1080 3775 1260 3887 διατριβῆςι
1298 3796 1327 3864 εί

65 3911 136 3981 σύτο
178 3919 314 4006 φοβεροί
357 3919 454 4005 θορόν
497 3915 527 3982 οἱ
569 3915 752 3984 ἀνατολικοί
799 3925 863 3990 τοῖς
911 3919 1140 4004 θαλαττυβύοις
1182 3923 1325 4010 λῃσταῖς,

65 4035 206 4127 ύτόρεοηε
245 4049 302 4130 της
337 4037 505 4128 εύοινδρίας
540 4045 595 4106 καί
634 4043 870 4130 γενναιότητος·
910 4041 938 4108 εἰ
976 4043 1011 4106 δὲ
1046 4052 1138 4109 τοῦτο
1174 4021 1231 4132 μὲν
1266 4043 1326 4114 ούκ

66 4163 154 4244 ἔστιν,
190 4163 276 4230 ἀλλὰ
311 4167 346 4230 τό
381 4167 484 4230 κακόν
518 4166 626 4230 κοινόν
660 4163 718 4230 καὶ
752 4175 807 4254 της
842 4165 954 4242 Ἀσίας
988 4171 1044 4235 καί
1077 4165 1233 4258 Εὐρώπης
1268 4176 1326 4258 ρί-

66 4309 112 4353 σον
135 4288 318 4376 ἱστάμενον,
344 4287 409 4354 οἶόν
433 4311 479 4364 τις
503 4287 632 4356 Σκύλλα
655 4291 712 4354 καί
734 4287 908 4376 Χάρυβδις,
943 4300 1008 4364 τοῖς
1038 4289 1185 4360 ἐντεῦθεν
1209 4291 1326 4364 αύτύθι

67 4417 113 4478 καί
149 4411 289 4481 αύτύθιν
328 4411 447 4479 ἀνθάδε
487 4413 768 4501 διαπλυίζορίνοις
808 4411 1010 4500 ἐπιβουλεῦον
1049 4415 1175 4508 ἐπίσης,
1210 4431 1325 4509 χρῆναι

68 4542 136 4624 ρηρί
162 4543 220 4604 καί
249 4537 447 4628 ἀρρυτόρους
475 4517 722 4624 ἀποδιδράσκειν
750 4540 785 4602 τό
815 4538 988 4622 βλαπτικόν
1016 4539 1037 4629 ἣ
1063 4556 1258 4634 πιριρρονείν
1283 4543 1326 4622 θς

68 4661 97 4724 τό
125 4661 158 4740 it
183 4661 330 4752 ἀνάγκης
364 4657 423 4727 ούκ
454 4661 542 4749 ὄχον.
580 4663 743 4736 τοσούτοις
775 4667 877 4728 τοίνυν
908 4669 965 4730 καὶ
994 4667 1193 4754 τηλικούτοις
1227 4667 1325 4757 ἀδρα-

71 4787 185 4872 (ύρινοι
218 4797 284 4862 τοῖς
319 4784 517 4874 ἀρείσρασιν,
553 4783 620 4852 ἀπεί
646 4789 699 4850 τόν
728 4787 783 4852 σόν
812 4787 998 4876 ἀγνόκαριν
1025 4793 1143 4872 πόθον,
1180 4793 1214 4858 δν
1247 4796 1326 4884 πρός
