3114 5264
373 593 378 602 ’
418 613 421 620 ’
513 611 565 680 ιν.
580 613 669 680 ανον
684 615 802 696 (ιιευ)
818 617 870 680 τε.
889 559 1065 680 ινσερυιτ
1080 609 1147 677 ιιι.
1164 609 1229 678 xv.

236 721 240 732 ι
302 781 481 838 Μολαιιιανοά
496 779 542 838 ΙΙ.
559 781 694 837 ultanus
710 791 737 836 τι
751 781 822 836 ordo
839 777 1003 853 Hospitalis
1018 779 1048 836 S.
1066 777 1189 836 Ῑοαιιιιύε
1202 795 1301 850 pacem
1313 777 1440 849 faciunt.

237 991 242 1002 .
324 929 406 1013 Ἐγύ
434 929 452 998 δ
480 929 581 1020 μάγας
606 928 766 1021 αύθάντης
793 937 849 998 καί
879 930 980 1018 μέγας
1004 929 1133 1018 ἀμηρᾱς
1157 931 1330 1004 σουλτάνος
1355 927 1372 995 ύ
1396 927 1501 1016 Μεχε-

236 1061 377 1146 μάτπεις,
402 1053 420 1122 ύ
448 1055 515 1132 υἱύς
542 1064 598 1123 τοῦ
626 1058 769 1144 μεγάλου
799 1053 956 1122 αύθὲντου
986 1060 1042 1121 καί
1067 1056 1209 1142 μεγάλου
1234 1052 1343 1142 ἁμηρᾶ
1368 1055 1503 1118 σουλιοὶ-

235 1206 290 1274 νου
308 1191 363 1248 τοῦ
390 1180 619 1270 Μουράτπεγη,
645 1181 749 1270 ύμνύοι
779 1181 823 1255 εὶς
851 1183 904 1246 τδν
932 1183 1009 1246 θεὸν
1039 1189 1094 1246 τοῦ
1124 1176 1259 1265 ούρανοῦ
1283 1183 1339 1244 τιαί
1367 1188 1423 1266 της
1447 1187 1502 1264 γῆς

234 1313 290 1374 ααί
320 1307 364 1382 είς
392 1309 444 1374 τύν
481 1305 582 1394 μέγαν
610 1304 698 1396 ἡμῶν
726 1309 889 1394 προφήτην
918 1307 970 1372 τδν
1005 1303 1166 1392 Μουάμτθ
1200 1307 1256 1369 καί
1288 1303 1333 1376 είς
1362 1307 1402 1368 τὰ
1429 1301 1503 1368 ἑπτὰ

236 1439 416 1523 μουσάφια,
451 1436 490 1498 τὰ
521 1431 640 1520 ἔχομεν
674 1436 732 1496 καί
755 1429 975 1518 ὁμολογοῦμεν
1002 1426 1092 1516 ἡμεῖς
1116 1427 1145 1493 οἱ
1173 1428 1427 1516 μουσουλράνοι,
1451 1431 1503 1492 ναί

237 1559 282 1634 είς
305 1559 377 1632 τούς
401 1557 515 1624 διιατύν
539 1554 812 1646 ἠνιοσυτάσσαρεις
837 1557 988 1645 χιλιάδας
1010 1558 1175 1644 προφήτας
1199 1562 1253 1619 τοῦ
1278 1557 1359 1620 θεοῦ
1382 1557 1438 1619 οιαὶ
1461 1525 1503 1626 τίς

237 1686 292 1772 τη“ν
317 1685 407 1773 ζυην
429 1705 491 1770 μου
513 1685 571 1748 οιαὶ
595 1681 639 1756 είς
663 1685 719 1769 τήν
743 1683 825 1770 ζονην
848 1691 909 1746 τιῦν
937 1681 1068 1747 παιδίοιν
1094 1703 1163 1767 μου.
1190 1677 1297 1768 ἐπειδὴ
1325 1679 1465 1746 ἔστειλεν
1489 1677 1503 1742 ί

235 1813 374 1894 τατύρας
395 1815 451 1895 της
476 1804 643 1896 άφεντείας
667 1827 738 1893 μου,
763 1803 780 1870 ύ
805 1810 906 1892 μὲγας
930 1803 1104 1892 μαΐστορας
1127 1803 1249 1882 Ῥόδου,
1274 1801 1291 1871 δ
1315 1807 1395 1894 φρύν
1420 1801 1503 1880 Τζά-

233 1956 287 2018 ινες
310 1931 511 2008 emuncta,
547 1929 780 2019 ἀποαρισιάρην
805 1929 850 2006 εἰς
879 1933 933 2020 την
961 1933 1060 2018 πύρτα
1089 1939 1145 2016 της
1169 1927 1335 2018 ἀφεντείας
1371 1951 1432 2016 μου
1455 1933 1504 1994 τύν

236 2062 300 2148 φρά
323 2056 425 2144 Πάρον
447 2079 480 2122 τε
503 2055 639 2143 Τζερητ,
663 2061 720 2122 ιιαί
749 2053 902 2143 ἐζήτησεν
929 2061 986 2122 ιιαί
1015 2055 1086 2144 ἔχει
1116 2053 1242 2142 ἀγάπην
1267 2059 1306 2142 μί
1331 2057 1386 2142 την
1412 2053 1505 2144 ἀρεν-

236 2185 322 2248 ττίαν
346 2202 408 2268 μου
431 2184 563 2268 στερεὰν
586 2179 643 2248 παὶ
667 2179 861 2258 ἀδολίευτον,
883 2177 926 2256 ύς
946 2182 1061 2254 ταδιῦς
1078 2179 1162 2268 εἶχεν
1186 2183 1242 2246 ιιαί
1259 2183 1340 2266 μετὰ
1364 2189 1419 2246 τοῦ
1444 2203 1505 2266 μα-

235 2281 452 2392 ιιαριασμάνυυ
480 2313 535 2370 τοῦ
569 2308 688 2392 πατρός
716 2327 793 2392 μου,
830 2309 952 2392 σιδργω
979 2309 1035 2370 καί
1062 2302 1125 2384 ἐγὼ
1152 2305 1208 2392 την
1237 2298 1334 2392 αύιην
1370 2301 1504 2390 ἀγάπην,

236 2433 292 2494 ιιαί
320 2426 425 2516 δμνύυ
454 2427 498 2502 είς
526 2429 600 2502 τούς
628 2427 754 2494 ἄνωθεν
777 2433 1014 2516 γεγραμμίνυυς
1038 2426 1167 2515 ὅρμους,
1198 2425 1248 2494 ὃτι
1269 2431 1308 2494 νά
1332 2427 1399 2514 ἔχιν
1424 2425 1505 2507 ἀγά-

236 2571 298 2640 πην
315 2555 395 2640 μετὰ
410 2559 466 2618 τοῦ
488 2555 607 2638 πατρὸς
630 2561 686 2640 τῆς
711 2550 876 2642 ἀφεντείας
900 2575 975 2640 μου,
1001 2561 1055 2617 τοῦ
1078 2553 1221 2640 μεγάλου
1244 2548 1417 2640 μαύσιορυς
1439 2549 1507 2616 Ῥύ-

236 2679 305 2758 δοιι,
332 2683 388 2745 καί
410 2682 486 2745 ποτλ
510 2676 648 2764 ιιάνμίσιν
672 2681 789 2766 ζημίαν
820 2682 858 2744 νύι
887 2677 986 2765 μηδὲν
1015 2681 1068 2744 τύν
1095 2681 1230 2766 ποιησυ,
1255 2679 1334 2764 μήτε
1364 2687 1504 2762 στερεᾶς,

235 2803 318 2890 μήτε
340 2802 525 2890 θαλάσσης,
549 2805 629 2890 μήτε
655 2797 675 2889 ἡ
706 2799 855 2891 άφεντεία
880 2823 956 2889 μου,
981 2805 1061 2890 μήτε
1086 2805 1309 2889 σιοτζαιιηπεγί
1333 2823 1404 2886 μου,
1429 2804 1506 2888 μήτε

239 2927 403 3014 σούπιισης
427 2947 502 3012 μου,
532 2928 613 3014 μήτε
641 2926 784 3012 σπλάβυς
811 2947 887 3013 μου,
913 2929 1025 3014 μάχρις
1053 2921 1130 3014 ύλης
1158 2947 1219 3012 μου
1242 2935 1298 3014 της
1322 2929 1420 3013 ζωῆς,
1445 2947 1506 2990 συ-

239 3049 383 3140 ζυμάνου,
406 3056 463 3117 τιαί
485 3049 657 3140 ὁπατάρας
677 3062 733 3140 τῆς
750 3049 915 3141 ἁφεντείοις
939 3074 1010 3139 μου,
1034 3048 1168 3138 δμίγας
1192 3049 1367 3139 μαΐστορας
1382 3051 1503 3126 Ῥύδου,

238 3180 277 3242 νά
305 3175 369 3265 ἔχη
397 3177 504 3265 φιλίαν
530 3181 587 3244 νιαί
611 3175 738 3264 ἀγάπην
769 3179 922 3264 καθαρὰν
946 3181 1002 3244 οιαὶ
1026 3174 1210 3244 ἀδολίεοτον
1231 3180 1309 3264 πρύς
1333 3179 1389 3266 τήν
1414 3176 1506 3266 ἀρεν-

129 3367 133 3374 ,
237 3304 417 3392 τοίαν-μου,
439 3305 496 3367 τισί
518 3311 578 3366 τῶν
603 3305 707 3381 τύπον,
732 3299 848 3368 ύπυίυιν
865 3305 978 3391 γράφει
1002 3310 1057 3367 τοῦ
1080 3305 1198 3388 πατρὸς
1214 3325 1274 3389 μου
1299 3304 1334 3368 εδ
1358 3299 1504 3390 ὁρκωμο-

215 3428 341 3505 ’τιιιδν,
376 3428 415 3492 νά
441 3429 594 3513 προσεχει
621 3429 678 3492 ιιαί
704 3429 743 3492 νδ
772 3427 846 3512 δίδη
874 3429 1009 3492 πάντοτε
1041 3431 1198 3512 μαντάτον
1223 3424 1285 3492 ἀπὸ
1309 3433 1506 3514 κουρσάρινπ

238 3550 444 3628 ιιαττλάνιπα,
469 3549 522 3614 διὰ
539 3553 578 3616 νά
593 3547 820 3638 προσάχεταιύ
844 3551 939 3624 τύπος
962 3559 1018 3637 τῆς
1041 3547 1209 3639 άφεντείας
1233 3572 1305 3636 μου,
1329 3547 1372 3625 ύς
1396 3554 1506 3623 ααθιῦς

237 3677 353 3764 γράφει
376 3675 412 3739 τύ
435 3669 653 3760 δραυμοτιιιδν
673 3681 728 3740 τοῦ
751 3676 869 3760 πατρίς
893 3696 968 3760 μου,
992 3671 1023 3738 οἱ
1044 3675 1305 3760 πραματευτάδτς
1329 3684 1385 3762 τῆς
1411 3673 1505 3764 ἁφεν·

238 3803 325 3873 τείας
346 3819 408 3884 μου
430 3801 470 3864 νδ
496 3807 686 3886 περιπατυῦν
711 3797 756 3874 είς
779 3800 832 3864 τύν
853 3801 947 3864 τόπον
971 3793 1083 3876 αὐτοῦ,
1107 3803 1147 3864 νὰ
1169 3799 1330 3886 πολεμοῦν
1355 3803 1413 3874 τὰς
1437 3800 1507 3864 δου-

239 3922 328 4006 λείας
350 3943 411 3988 τιον
433 3925 490 3988 καί
512 3926 570 3998 τὰς
592 3927 792 4009 πραματείας
819 3943 879 3988 τυν
908 3919 984 3988 ἄνευ
1010 3931 1187 4010 πειρασμοῦ
1214 3927 1271 3988 νιαί
1294 3923 1452 4002 ιιινδύνυυ,
1476 3921 1505 3986 ὁ·

237 4053 338 4137 μυίας
365 4051 422 4114 καί
450 4042 590 4114 αύτονῦν
618 4045 648 4111 οἱ
676 4045 840 4134 ἄνθρωποι
867 4049 924 4114 καί
951 4045 981 4112 οἱ
1003 4049 1288 4136 πραγματευτάδες
1310 4055 1350 4116 νᾰ
1372 4072 1505 4138 περιτα-

238 4176 395 4238 τυῦν·ιιαί
423 4175 462 4238 νά
489 4173 768 4258 πραγματεύονται
796 4170 841 4246 είς
869 4174 922 4238 τῦν
950 4175 1045 4240 τύπον
1073 4181 1129 4261 τῆς
1158 4171 1325 4262 άφεντείας
1349 4197 1411 4262 μου
1434 4174 1505 4241 ἄνευ

240 4304 419 4383 πειρασμοῦ
447 4298 503 4361 ιιαί
530 4295 688 4373 ιιινδύνυυ,
716 4297 773 4360 ναί
805 4299 914 4370 ιιανείς
941 4293 1131 4383 ἐμποδύσεις
1159 4299 1195 4362 τῦ
1223 4303 1321 4386 μέσον
1348 4303 1388 4364 νδ
1412 4300 1506 4388 μηδὲν

238 4419 319 4486 ἕνον·
348 4419 409 4486 εἴτε
429 4423 486 4486 νιαί
503 4423 587 4502 γάνει
607 4425 731 4498 τίποτες
755 4419 800 4494 είς
822 4423 858 4486 τύ
882 4425 990 4507 μίσον,
1016 4395 1078 4488 εύτε
1101 4422 1147 4496 είς
1170 4425 1425 4511 αραγματεύτην,
1451 4425 1506 4489 εἴτε

241 4541 288 4618 τίς
304 4542 483 4630 ἄνθρωπον,
500 4543 545 4618 εἰς
561 4541 669 4609 ύπυῖον
693 4547 787 4610 τύπον
812 4541 940 4632 εύρεθη,
964 4549 1003 4610 νὰ
1027 4543 1207 4621 ἐξετάζεται
1224 4551 1304 4635 μετὰ
1328 4553 1433 4634 αρίσιν
1458 4558 1508 4612 τοῦ

242 4669 323 4732 θεοῦ
338 4671 394 4732 τιαί
416 4671 455 4731 νδι
479 4666 657 4752 ύρτύνεται.
683 4667 744 4732 εἴτε
767 4666 828 4734 τεάν
853 4669 921 4733 ἔνεν
946 4671 1070 4757 μεγάλη
1094 4669 1234 4749 δουλεία,
1259 4677 1297 4737 νά
1321 4675 1357 4738 τύ
1380 4673 1506 4760 δίχνουν

241 4790 286 4866 εἰς
310 4794 365 4879 την
381 4793 499 4878 πύρταν
522 4799 577 4878 τῆς
602 4789 768 4879 άφεντείας
786 4815 855 4880 μου,
881 4797 936 4858 καί
960 4798 997 4858 νδι
1022 4792 1214 4873 ἐξετάζεται,
1240 4801 1276 4860 νὰ
1302 4799 1336 4861 τύ
1360 4801 1440 4862 θίτο
1466 4797 1505 4870 εἰς
