3148 5268
1301 333 1346 400 56

67 518 110 590 εἰς
133 521 319 606 καπηλικὸν
343 518 561 608 δρηαστηριον.
587 521 784 608 ἐραπλούται
807 524 843 588 δύ
866 520 886 611 ἡ
909 525 1042 611 τοιαύτη
1066 525 1174 590 σκάλα
1197 523 1259 590 ἀπὸ
1289 535 1345 614 της

67 641 189 716 ἐντοῖς
213 644 387 728 προθύροις
411 653 471 708 τῶν
495 647 611 732 ταύτης
635 647 852 734 ἐργαστηρίων
876 647 1035 734 δημοσίας
1058 649 1168 712 διύδυυ
1191 643 1247 714 καὶ
1267 649 1345 736 άχρί

66 777 117 831 τοῦ
140 765 355 854 ἀκροσκάλου
377 773 434 832 καί
451 766 548 836 αύιού
571 779 626 836 τού
650 772 834 857 κλύσματος
857 781 914 860 της
938 773 1122 860 δαλάσσης.
1140 771 1197 838 καὶ
1212 771 1344 861 ἀντικρύ
1486 849 1491 858 ,

66 894 185 979 ταύτης
215 895 368 974 σύνεγγυς
391 903 446 960 τού
470 899 596 982 τείχους
619 895 784 984 οίκηματα
806 901 974 984 χαμαίνεα
1005 902 1149 984 τίσσαρα
1179 903 1261 985 μετά
1290 897 1344 986 ἰρ-
1383 901 1387 908 “

65 1023 249 1104 γαστηρίιιν
272 1023 485 1104 σοντεταμίνα
508 1017 551 1106 τῷ
579 1014 665 1107 αύτῷ
690 1025 867 1108 περιμίτριρ
907 1032 968 1086 τῶν
997 1021 1171 1109 δεκατριῶν
1201 1025 1343 1111 πήχεων.

63 1145 222 1228 κίκτηπαι
249 1143 285 1207 δί
312 1137 393 1230 αδτη
422 1141 547 1230 ἐτήσιον
572 1141 756 1232 άμρύτεομα
778 1147 863 1212 κατά
886 1145 941 1232 τὴν
967 1147 1132 1234 περίληψιν
1160 1156 1215 1212 τού
1242 1167 1342 1234 προσ·

64 1276 205 1352 κυνητού
232 1269 478 1352 προστάγματος
506 1273 689 1354 νομίσματα
716 1263 877 1355 ύπύρπυρα
905 1269 1016 1356 λίτραν
1045 1275 1130 1356 μίαν.
1165 1275 1204 1336 τά
1227 1273 1263 1336 δὲ
1287 1281 1343 1338 τού

66 1393 375 1478 συμπαραδυδίντος
410 1387 517 1467 αύτοίς
556 1391 646 1458 οἴκου
685 1401 740 1458 τού
779 1392 1005 1480 δπιλιγομίνου
1040 1390 1102 1460 τού
1129 1395 1343 1463 Βοτανειάτοο

64 1525 117 1579 τού
154 1517 292 1604 πλησίον
327 1527 384 1604 τῆς
418 1519 615 1592 τοποθεσίας
639 1527 699 1582 τῶν
725 1516 895 1602 Καλυβίων
924 1518 1055 1606 ἔχουσιν
1082 1515 1197 1594 ούπως·
1219 1517 1239 1608 ἡ
1265 1519 1343 1602 ύγία

65 1640 227 1726 ἐκκλησία
266 1642 427 1728 τρουλωιη
467 1644 670 1728 μονύκοτχος
710 1645 790 1728 μετὰ
824 1645 938 1708 κιύνων
977 1641 1138 1730 τεσσάρων
1177 1655 1232 1711 τοῦ
1271 1645 1342 1720 ἐνύς

65 1767 315 1850 ασκροβυδίνου.
353 1763 369 1830 ύ
405 1763 559 1851 ἔπίλιορος
593 1770 649 1830 καί
672 1761 692 1853 ἡ
717 1767 892 1855 διαστροφὴ
928 1776 984 1831 τού
1014 1772 1151 1852 μοακίοο
1177 1765 1217 1832 δι’
1242 1766 1340 1854 δρύο-

66 1895 308 1976 μαρμιιρώσειυς
336 1895 417 1978 μετὰ
444 1901 504 1955 τῶν
536 1900 699 1978 καμαρύν.
724 1887 745 1977 ἡ
770 1890 895 1966 ἔνδοσις
927 1901 986 1956 τῶν
1017 1895 1094 1978 πρὸς
1117 1891 1205 1958 δύσιν
1231 1913 1340 1979 ηαμα-

66 2017 225 2100 τιομάτιιν
249 2015 305 2080 διὰ
330 2020 502 2099 τανστρίιιν
533 2013 758 2101 Νικομηδείυν
787 2014 842 2079 σύν
871 2014 914 2100 τῷ
939 2017 1105 2100 κυσμήτη,
1135 2011 1278 2100 ὑπεράνω
1305 2035 1342 2096 γε

66 2139 182 2202 τούτων
208 2139 418 2224 είκονίσματα
441 2139 496 2204 διὰ
520 2142 671 2224 μουσείου
694 2146 816 2224 χρυσοῦ
838 2141 895 2202 καί
911 2147 1069 2224 χροιακού
1085 2139 1141 2204 σύν
1158 2140 1202 2225 τιμ
1218 2140 1341 2224 τρούλιμ

67 2266 119 2325 καί
147 2263 193 2349 τῷ
221 2265 452 2349 τετρακαμιίρμ
481 2272 540 2328 τῶν
569 2273 660 2348 τριῶν
688 2265 768 2348 μετὰ
800 2259 921 2328 ύελίιυν.
946 2258 966 2349 ἡ
989 2265 1169 2350 περιρραγὴ
1199 2275 1253 2328 τού
1278 2266 1340 2352 βη-

70 2407 166 2468 ματος
198 2387 255 2450 διὰ
282 2389 485 2472 στημονύρων
521 2389 683 2472 τεσσάρων
714 2389 870 2472 πρασίνων
904 2390 984 2470 μετά
1013 2389 1174 2474 στεφάνων
1198 2389 1340 2474 χαλκῶν,

68 2513 195 2596 στήδων
231 2521 394 2596 τροπητύν
427 2509 502 2587 δύο,
537 2512 703 2596 κοσμητου
738 2513 938 2594 μαρμαρίνου
967 2513 1023 2574 καί
1049 2511 1188 2596 τέμπλοο
1218 2512 1341 2587 ξυλίνου

69 2639 323 2722 κιχροσωμὲνοο.
353 2637 388 2700 τά
415 2637 612 2722 μαρμάρινον
640 2639 875 2721 καταπίτασμα
909 2644 964 2721 τῆς
993 2639 1074 2720 μετὰ
1105 2631 1231 2722 ῥιγλίων
1268 2659 1342 2703 τεσ-

69 2762 168 2844 σάρων
195 2757 291 2838 ἁγίας
315 2763 472 2847 τραπίίης
496 2759 551 2824 διὰ
574 2739 827 2844 λιπτοκαλσίμων
856 2757 1018 2845 τεσσάρων
1043 2764 1099 2824 καί
1123 2757 1155 2824 ἐν
1184 2772 1222 2848 τη
1250 2773 1342 2848 περί·

69 2895 171 2970 φραγῇ
199 2885 396 2969 συστεμάτια
423 2884 480 2948 δύο
504 2887 560 2948 καί
590 2885 699 2970 στηύα
726 2883 783 2946 δύο
812 2885 893 2968 μετά
920 2883 1206 2970 καγκελυύυρίδων
1234 2887 1341 2969 θυρῶν

71 3011 122 3071 καί
144 3008 298 3091 δορίδων.
325 3005 449 3072 ἄνωθεν
472 3017 528 3072 τού
544 3009 620 3092 πρὸς
644 3007 732 3072 δύσιν
756 3011 967 3092 συατιματίου
984 3005 1151 3092 εὶκύνισμα
1167 3008 1341 3098 διάγλυρον

73 3136 274 3218 μαρμάρινον.
300 3127 317 3196 ὁ
345 3135 443 3204 πάτος
466 3132 521 3196 διά
544 3134 715 3216 τραπεζίου
737 3135 891 3216 πρασίνου
913 3129 1038 3216 πλοκῆς
1068 3135 1149 3217 μετὰ
1177 3144 1340 3221 σογκοπῆς

72 3262 121 3321 καί
143 3263 326 3345 περιρερίοο
350 3257 600 3344 ρλετμονούσυυ,
624 3258 700 3342 πρὸς
717 3257 917 3344 μεσημβρίαν
933 3261 1175 3343 παραπτδρογον
1195 3258 1249 3322 διὰ
1266 3281 1339 3344 τρυ-

72 3391 159 3468 πικης
185 3381 406 3468 είκονισμίνης
429 3385 486 3446 καί
509 3385 688 3467 κογχαρίου
711 3379 765 3444 διὰ
793 3385 952 3465 μουσείου.
977 3376 996 3467 ἡ
1021 3383 1198 3469 περιρραρὴ
1228 3385 1340 3447 τούτου

73 3504 119 3568 διὰ
141 3507 397 3592 λεπτοκαλάμων
418 3516 521 3590 τριῶν,
547 3501 767 3590 ἁρμοσφηνίου
786 3508 843 3568 καί
873 3507 1038 3592 κοσμητου
1070 3511 1279 3592 μαρμαρίνου.
1305 3506 1339 3574 αἱ

74 3631 123 3695 δύο
150 3629 273 3697 εἴσοδοι
308 3633 388 3716 μετὰ
424 3633 639 3715 σουτεματίων
669 3633 874 3716 μαρμαρίνων
897 3633 954 3694 καί
976 3626 1085 3715 δτίρυυ
1116 3637 1338 3719 περραγμίνου

73 3760 120 3820 καί
141 3754 160 3822 ύ
184 3759 284 3828 πάτος
300 3755 355 3820 διὰ
379 3757 553 3840 μαρμαίρων
578 3751 715 3839 ἄσπρων,
739 3761 903 3839 σογκυπῆς
916 3756 982 3818 -καί
997 3751 1196 3842 δμράλων.δ
1218 3754 1338 3830 ἔξωθεν

73 3878 119 3943 διὰ
143 3877 303 3968 ἡμιγύρου
332 3875 622 3964 σαύρού,ἡλιακύς
650 3877 705 3942 διὰ
738 3877 991 3962 λεπιοιιαλσίμων
1026 3877 1083 3942 δύο
1118 3883 1174 3942 καί
1197 3877 1337 3953 δπυίτος
1400 3921 1402 3925 -

73 4003 118 4068 διὰ
140 4009 325 4092 μαρμάρων.
358 4007 393 4069 τύ
423 4006 501 4090 πρὸς
525 4001 642 4088 ἄρκτον
675 4006 915 4088 παραπτίρυγον
946 4003 999 4068 διὰ
1031 4013 1182 4090 τροπικῆς
1217 4003 1336 4068 είκονί·

75 4149 185 4212 οματος
220 4131 301 4215 μετά
335 4132 513 4214 κογχαρίυυ
549 4124 765 4215 άπτριρράγου
798 4130 1025 4212 πεπατωμίνου
1060 4131 1116 4191 καί
1152 4130 1249 4211 μύνου
1283 4127 1337 4192 διά
1476 4111 1480 4122 ’

75 4258 250 4340 μαρμάρων.
274 4247 294 4340 ἡ
317 4253 395 4338 πρὸς
418 4251 507 4316 δύσιν
530 4253 706 4339 περιρραγή
731 4251 785 4316 διὰ
808 4254 922 4314 κιόνων
946 4255 1001 4314 καί
1026 4252 1155 4336 στηδων
1174 4251 1230 4314 δύο
1256 4255 1336 4336 μετὰ

73 4375 346 4462 ιαγιιιλοδυρίδαν
370 4379 426 4440 καί
448 4376 703 4461 λιπτοκαλάμων
719 4375 788 4453 δύο,
813 4379 1024 4461 συστεματίυυ
1048 4379 1103 4440 καί
1126 4372 1335 4460 δρύοκαγκὲ·

74 4500 124 4566 λιιι
146 4504 204 4568 δύο
228 4507 285 4567 καί
309 4497 420 4567 ύελίων
445 4499 589 4566 ἐλλιπῶν.
615 4499 648 4565 λν
672 4511 735 4574 τοίς
759 4510 908 4588 φυτικοῖς
931 4502 1007 4586 πρὸς
1031 4500 1118 4566 δύσιν
1141 4509 1195 4587 τῆς
1212 4498 1334 4588 ἐκκλη-

77 4631 136 4702 σίας
164 4629 297 4714 τροπικη
321 4625 487 4712 δμμύακος
515 4627 640 4710 σαδρά,
666 4627 890 4711 βασταῑυμίνη
918 4625 972 4690 διά
999 4629 1116 4712 τοίχων
1139 4630 1204 4690 καί
1218 4628 1333 4690 κιύνιίν

75 4747 122 4815 δύο
141 4755 221 4839 μετὰ
244 4760 415 4838 καμαρύν,
440 4753 497 4816 καί
517 4746 612 4836 δτερα
635 4747 765 4826 δίοδον.
796 4747 828 4814 ἐν
852 4747 895 4836 τῷ
920 4751 997 4836 πρὸς
1013 4783 1017 4790 ·
1034 4751 1236 4838 μεσημβρίαν.
1255 4749 1333 4814 διαῑέ

1553 4775 1556 4830 ί
