3182 5264
248 335 291 400 32

249 532 329 615 μετὰ
353 539 412 592 τῶν
437 505 744 614 ίμπερικλειομὲνων
768 525 811 612 τῷ
832 531 1089 614 περιτειχίσματι
1112 526 1223 590 τοότου
1254 521 1437 610 οἰκημάτων
1461 527 1525 607 τῆς

248 657 433 740 κινστὲρνης
458 657 514 717 καί
537 661 597 717 τῶν
621 653 677 718 δόο
703 649 807 718 αόλιῖν
823 657 879 717 καί
903 647 1005 716 αότιόν
1030 661 1090 716 τῶν
1114 647 1147 714 ἐν
1170 652 1213 738 τῷ
1235 649 1313 735 οἴκῳ
1337 646 1526 736 ἐκκλησιῶν

248 780 303 841 καί
328 784 384 840 τοῦ
407 777 553 861 λουτροῦ,
591 775 675 841 ἀλλὰ
697 777 738 862 δη
766 777 906 840 καὶτῶν
934 775 1027 850 ἐκτός
1061 781 1116 839 τοῦ
1150 776 1427 860 περιτειχίσματος
1463 777 1526 834 τοῦ

248 902 392 965 τοιοῦτου
415 897 505 965 οίκου
528 903 605 986 πρὸς
628 903 663 965 τό
687 899 815 965 δυτικόν
839 903 933 986 μόρος
960 897 1084 964 ἄνωθεν
1108 907 1164 985 τῆς
1187 901 1371 984 κινστίρνης
1398 904 1454 981 της
1480 894 1530 980 τῷ

248 1019 704 1115 Ἀντιφωνητιβδιαρεμοῦσης
730 1027 897 1091 ίνοικικιῦν
920 1035 980 1090 τῶν
1004 1047 1037 1088 τε
1062 1027 1248 1109 σωζομένων
1265 1023 1321 1086 καί
1344 1031 1404 1085 τῶν
1428 1021 1527 1108 φθα-

249 1155 370 1218 σάντων
393 1163 597 1230 καταπεσεῖν,
627 1146 707 1216 ὥστε
735 1157 790 1216 καί
821 1160 920 1216 ταῦτα
950 1149 1164 1238 ἀνεγερθῆναι
1190 1145 1263 1235 παρ’
1288 1145 1389 1213 αὐτῶν
1414 1145 1527 1230 ἀβλα-

249 1277 312 1360 βως
339 1279 395 1340 καί
423 1273 567 1363 ἀζημίως
593 1285 634 1362 τῇ
662 1280 842 1362 κινστέρνη,
873 1271 994 1340 ἀντλεῖν
1022 1245 1055 1338 τε
1084 1276 1141 1338 καί
1168 1269 1253 1359 δόωρ
1283 1270 1345 1337 ἀπό
1369 1279 1425 1358 τῆς
1447 1291 1525 1335 κιν-

249 1405 379 1488 στὲρνης
408 1399 453 1475 εἰς
482 1400 602 1466 οἰκείαν
637 1409 750 1488 χρῆσιν
774 1399 847 1474 τοός
874 1397 906 1464 ἐν
932 1411 993 1473 τοῖς
1029 1401 1184 1472 τοιοότυις
1220 1396 1389 1470 ίνοικικοῖς
1411 1417 1526 1461 κατα-

249 1531 412 1614 μίνοντας,
437 1523 511 1591 ἄνευ
536 1530 642 1612 μέντοι
665 1525 798 1612 λουτροῦ
818 1522 875 1590 καὶ
897 1522 1148 1604 ποτοῦιάλόγων.
1174 1533 1262 1588 τυποῖ
1283 1523 1319 1587 δὲ
1343 1523 1526 1608 λαμβάνειν

248 1653 303 1739 την
338 1653 508 1738 κοινότητα
542 1649 682 1725 Γενοόας
716 1655 772 1716 καί
807 1653 860 1715 τόν
899 1645 1146 1737 ἀρχιειτίσκοττον
1182 1653 1221 1713 τὰ
1253 1653 1528 1734 προτετυττωμὲνα

249 1769 355 1850 αὐτοῖς
383 1773 553 1861 σολέμνια,
581 1772 679 1862 ἤγουν
703 1775 758 1860 την
788 1778 844 1860 μὲν
867 1777 1039 1861 κοινότητα
1062 1771 1195 1860 ίτησίως
1220 1767 1379 1857 όπίρπυρα
1401 1791 1527 1836 πεντα-

248 1903 345 1966 κόσια
368 1901 424 1963 καί
448 1899 582 1982 βλαττῖα
604 1899 671 1974 δῦο,
697 1899 749 1961 τόν
765 1895 801 1961 δὲ
828 1895 1076 1983 ἀρχιεττίσκυπον
1102 1893 1262 1983 όπίρπυρα
1286 1893 1440 1982 ἑξήκοντα
1464 1891 1528 1959 καὶ

249 2023 396 2107 βλατιίον
420 2022 467 2100 ἓν,
492 2023 549 2086 καί
569 2019 717 2086 ἐπέκεινα
744 2019 861 2085 τοότων
890 2021 944 2106 την
974 2023 1031 2106 μὲν
1060 2021 1232 2108 κοινότητα
1261 2019 1396 2106 ίτησίως
1425 2015 1529 2104 ἕτερα

248 2144 407 2234 όττίρπυρα
431 2143 557 2223 ἑκατὸν,
582 2147 634 2210 τόν
655 2146 690 2209 δὲ
716 2141 965 2232 ἀρχιετίσκοπον
981 2141 1076 2230 ἕτερα
1093 2140 1251 2230 όπίρπυρα
1268 2143 1529 2228 τεσσαράκοντα,

250 2271 274 2336 ἃ
296 2274 351 2336 καί
375 2267 539 2356 ἐδόθησαν
561 2264 666 2343 αότοῖς
689 2273 774 2335 κατὰ
797 2269 834 2334 τό
858 2270 975 2356 παρόν,
1005 2271 1044 2332 τά
1074 2271 1130 2354 μὲν
1157 2271 1420 2354 προτετυπωμένα
1445 2260 1529 2352 ὑπὲρ

249 2397 375 2481 χρόνων
396 2394 623 2479 παρελθόντων
647 2387 749 2480 τρισίν,
774 2387 855 2459 αὐτὰ
871 2393 907 2457 δε
924 2387 1019 2464 αὖθις
1041 2393 1097 2457 σόν
1121 2403 1160 2480 οη
1185 2385 1316 2479 αόίησει
1339 2385 1415 2476 ὑπὲρ
1439 2393 1529 2476 χρό-

248 2539 303 2580 νου
320 2514 390 2590 ἑνός
408 2519 486 2603 πρὸς
502 2515 546 2602 τηῖ
561 2511 669 2604 ἡμίσει
686 2519 902 2606 ψηφιζομένου
919 2511 971 2581 ἀπ’
989 2513 1095 2604 ἀρχῆς
1111 2524 1165 2580 τοῦ
1181 2519 1335 2602 παρόντος
1353 2513 1529 2599 ἀπριλλίυυ

250 2645 363 2728 μηνός,
387 2645 443 2706 καί
464 2641 592 2706 ἔσονται
615 2649 716 2706 ταῦτα
742 2644 846 2706 πάντα
873 2641 1079 2727 κατεχόμενα
1106 2644 1193 2726 παρὰ
1221 2649 1276 2704 τοῦ
1299 2641 1440 2724 κάστρου
1464 2642 1527 2701 καί

248 2775 303 2852 τῆς
328 2769 435 2852 χώρας
469 2764 607 2839 Γενοόας
642 2767 726 2831 κατὰ
754 2767 809 2852 την
830 2760 1002 2851 ’περίληψιν
1026 2774 1081 2828 τοῦ
1106 2768 1321 2850 γενησομένου
1343 2769 1526 2848 πρακτικοῦ

247 2899 303 2977 της
338 2891 455 2954 τούτων
489 2889 698 2975 παραδόσεως
732 2891 818 2974 παρὰ
845 2893 900 2952 τοῦ
929 2892 1159 2975 γραμματικοῦ
1181 2897 1235 2974 τῖγς
1264 2887 1430 2971 βασιλείας
1459 2905 1526 2970 μου

247 3011 487 3079 Κωνοταντίνου
524 3019 579 3093 τοῦ
618 3011 810 3078 Πεδιαδίτου
848 3015 904 3075 καί
944 3005 998 3074 τοῦ
1038 3012 1393 3099 μεγαλεπιφανεστάτου
1431 3029 1525 3094 πρω-

249 3129 432 3222 τονοταρίου
467 3135 600 3223 Σεργίου
639 3145 694 3200 τοῦ
718 3135 852 3220 Κολυβᾱ
875 3137 931 3199 καί
956 3142 1010 3198 τοῦ
1036 3135 1253 3220 δεσιμωτάτου
1280 3131 1526 3198 Κωνσταντίνου

246 3272 301 3328 τοῦ
326 3262 515 3350 Πετριιότου,
538 3259 739 3348 πιστωθῆναι
763 3257 946 3350 όφείλοντος
969 3262 1024 3324 καί
1048 3255 1087 3324 δι’
1112 3244 1296 3347 ὑπογραφῆς
1324 3265 1378 3323 τοῦ
1401 3277 1525 3323 πανσε-

248 3389 367 3474 βάστου
392 3387 550 3473 οεβαστοῦ
574 3387 694 3452 οίκείου
719 3396 775 3474 της
798 3385 966 3470 βασιλείας
991 3407 1051 3470 μου
1074 3387 1130 3449 καί
1155 3384 1334 3464 λογυθίτου
1362 3389 1424 3447 τοῦ·
1446 3383 1524 3469 δρό-

170 3487 180 3510 ’
248 3535 322 3598 μου,
357 3521 416 3598 κῦρ
451 3516 633 3600 Δημητρίου
668 3519 723 3576 τοῦ
746 3505 900 3596 Τορνίκη,
937 3507 1079 3574 ἀπὸτοῦ
1106 3515 1159 3572 νῦν
1186 3511 1243 3574 καί
1278 3507 1322 3581 είς
1351 3507 1422 3579 τοῦς
1447 3505 1524 3596 ἑξῆς

248 3635 389 3711 ἅπαντας
419 3641 475 3702 καί
503 3635 662 3724 διηνεκεῖς
689 3637 823 3722 χρόνους
851 3635 907 3699 καὶ
936 3638 1048 3720 μίχρις
1077 3631 1114 3697 ἂν
1143 3635 1179 3698 τὰ
1207 3641 1348 3697 τοιοῦτον
1377 3635 1522 3717 κάστρον

246 3759 302 3826 καί
325 3757 345 3850 ἡ
370 3757 419 3826 ὑπ’
443 3757 520 3825 αὐτὸ
543 3771 633 3826 πᾶσα
657 3764 753 3845 χώραΔ
776 3757 833 3823 καί
856 3753 886 3822 οἱ
910 3755 1034 3823 ἔποικοι
1057 3759 1173 3844 ταύτης
1197 3758 1259 3844 τήν
1275 3757 1352 3842 πρός
1376 3757 1431 3842 την
1456 3755 1521 3839 βα-

247 3887 378 3952 σιλείαν·
404 3905 464 3972 μου
492 3889 548 3949 καί
583 3885 655 3959 τοῦς
690 3884 910 3972 κληρονόμους
945 3885 1001 3948 καί
1035 3882 1209 3969 διαδόχους
1244 3876 1341 3967 αὐτῆς
1375 3883 1431 3944 καί
1461 3882 1522 3966 την

244 4009 422 4097 Ῥωμανίαν
442 4015 545 4075 πίστιν
563 4007 787 4094 ἀμετάπτωτον
802 4009 858 4072 καὶ
875 4003 1083 4092 ἀπαράβατον
1108 4015 1226 4094 τηροῦσι
1250 4008 1334 4070 κατά
1358 4009 1413 4078 τὰς
1437 4025 1521 4088 προ-

247 4125 349 4219 βάσας
383 4130 455 4220 παρ’
480 4130 582 4200 αὐτόν
607 4137 788 4222 συμφωνίας
811 4133 888 4217 πρὸς
912 4133 964 4195 τόν
988 4129 1021 4195 ἐν
1046 4130 1226 4214 βασιλεῦσιν
1251 4127 1396 4216 ἀοίδιμον
1427 4151 1521 4216 περι-

245 4235 389 4346 πόθητον
418 4259 506 4323 θεῖον
535 4267 591 4345 της
620 4225 788 4341 βασιλείας
816 4277 890 4341 μου,
919 4263 978 4341 κῦρ
1006 4251 1160 4341 Μανουηλ
1176 4255 1227 4318 τόν
1256 4249 1434 4340 Κομνηνόν,
1458 4251 1520 4317 καὶ

246 4373 320 4456 τοῦς
343 4383 562 4468 κληρονόμους
590 4384 646 4444 καί
676 4377 851 4466 διαδόχους
875 4369 972 4442 αὐτοῦ
996 4381 1051 4442 καί
1075 4381 1130 4464 την
1153 4369 1346 4462 Ῥωμανίαν,
1375 4381 1431 4448 τοῖς
1459 4381 1519 4441 καί

246 4493 292 4615 &f
312 4499 409 4589 ὅρκου
432 4516 542 4591 πρῶτα
567 4507 623 4591 μὲν
647 4513 702 4568 τοῦ
727 4505 796 4567 τότε
822 4499 1063 4588 ἀποκρισιαρίου
1083 4499 1221 4575 Γενοόας
1242 4509 1296 4565 τοῦ
1319 4497 1456 4586 Ἀμίκου
1481 4500 1519 4564 δὲ

245 4621 376 4714 Μοόρτα
400 4627 432 4693 ἐν
460 4639 499 4716 τη
530 4629 682 4716 βασιλικῇ
718 4623 800 4714 αδλη
835 4629 1004 4708 γεγονότος
1039 4623 1230 4713 όμοθείσας,
1268 4623 1377 4691 ἔπειτα
1400 4623 1436 4689 δὲ
1460 4627 1519 4690 καί

244 4743 409 4840 πἀρίιτοῦ
433 4755 573 4840 κάστρου
596 4749 653 4816 καὶ
676 4759 732 4838 της
755 4747 1024 4838 χώραςΓενοιίας
1054 4749 1318 4836 παραδεχθείσας
1346 4749 1403 4814 καί
1428 4743 1517 4837 δρκιρ
