3148 5268
267 358 328 422 138

262 569 313 613 ναι
340 553 396 613 καί
425 547 503 613 εἶναι
530 551 677 615 νοεῖσθαι
711 554 797 616 κατὰ
830 551 901 624 τούς
930 547 1077 637 ἀρχῆθεν
1112 549 1269 623 είωθύτας
1304 552 1448 636 χρόνους.
1480 549 1527 613 ἐτι

263 674 330 739 ἐπεί
346 669 363 737 δ
381 667 493 761 ῥηθείς
520 672 769 760 ἀποκρεσιύριος,
795 674 942 747 σύνδικος
965 677 1022 738 καί
1044 673 1209 760 ἐπίτροπος
1232 672 1420 762 ἐπήγγειλεν
1442 670 1528 761 ἡμῖν,

263 795 312 862 ὅτε
335 802 414 873 τινίς
437 798 601 864 Βενίτεκοι
628 803 684 864 καί
710 801 996 886 καταλογιζόμενοι
1023 798 1187 866 Βενύτικσι
1214 797 1358 880 ἐγίνοντο
1386 800 1442 864 διὰ
1469 807 1528 885 τῆς

263 924 427 1006 βασιλείας
448 919 537 1010 ἡμῶν
553 921 715 1010 Ῥωμαῖοι,
739 922 853 1011 ἤρεσεν
876 919 949 1012 ἡμῖν
972 921 1029 990 καί
1051 935 1090 1011 τῇ
1113 921 1253 1013 ἡμετίρογ
1276 925 1423 1009 βασιλεία
1446 921 1528 987 ἀνα-

262 1050 373 1132 τρέψαι
393 1049 427 1111 εδ
451 1050 582 1126 γεγονὸς
605 1046 673 1134 περὶ
697 1047 770 1122 τούς
792 1047 979 1122 Βενετίκους
1003 1045 1060 1114 καί
1082 1049 1156 1122 τούς
1179 1045 1223 1121 ιδς
1242 1047 1432 1120 Βενεείκους
1454 1047 1530 1111 δια-

263 1171 486 1256 βιβασμὲνους,
512 1170 584 1243 τούς
611 1175 787 1250 γεγονότας
806 1172 954 1258 δηλονότι
977 1168 1150 1258 Ῥωμαίους
1179 1170 1326 1246 ἐναντίως
1349 1179 1404 1236 τού
1427 1173 1530 1236 τύπου

262 1306 321 1360 τῶν
351 1298 468 1382 τρεβῶν
496 1294 558 1362 ἀπὸ
587 1305 641 1362 τού
671 1305 784 1384 νοσεροῦ
811 1307 872 1362 τῶν
902 1297 1087 1362 τελευταίων
1117 1299 1234 1384 τρεβύν
1265 1307 1325 1362 τῶν
1350 1299 1530 1383 γενομύνων

262 1418 294 1484 ἐν
323 1431 362 1507 εὴ
389 1419 717 1486 Κωνσταντενουπύλεε
745 1425 840 1508 μίχρι
867 1431 927 1485 των
955 1431 1022 1499 νυν,
1050 1415 1148 1494 ούτως
1175 1416 1258 1486 ὅστε
1289 1420 1362 1494 τούς
1392 1419 1531 1507 εέρημέ-

261 1561 333 1617 νους
357 1543 545 1617 Βενετίκους
572 1547 629 1610 καί
651 1550 841 1632 γενομένους
868 1542 1043 1632 Ῥωμαίους
1072 1549 1246 1631 περαιτέρω
1270 1545 1313 1632 μὴ
1337 1546 1531 1629 διαβιβάζε-

262 1671 342 1734 σθαι
369 1666 412 1742 ὥς
439 1667 628 1754 Ῥωμαίους,
664 1665 735 1734 ἀλλ’
764 1667 807 1742 ὸς
832 1667 1028 1742 Βενετίκους.
1063 1667 1109 1733 ἐτι
1142 1672 1212 1755 περί
1245 1679 1304 1733 τῶν
1332 1667 1530 1754 ἐξωτερικῶν

261 1797 399 1878 κρασίον
434 1789 523 1881 ἡμεῖς
558 1791 574 1857 ὁ
611 1793 759 1877 βασιλεύς
792 1795 848 1858 καί
875 1789 895 1880 ἡ
922 1790 1063 1879 ἡμετίρα
1097 1793 1244 1876 βασιλεία
1278 1789 1529 1880 ὑπισχνούμεθα

261 1922 317 1982 καί
344 1915 475 2003 ἀρίοκει
508 1913 581 2004 ἡμῖν
616 1919 770 1997 γενίσθαι
796 1920 853 2000 καί
886 1917 1105 2005 ρυλοίττεσθαι
1133 1920 1168 1983 τὸ
1196 1921 1267 2003 περί
1301 1919 1412 1982 τούτου
1440 1919 1530 1982 κατὰ

262 2045 314 2106 τὸν
342 2044 436 2108 τύπον
465 2053 525 2107 τῶν
553 2044 679 2129 τρεβων.
709 2041 755 2106 ἔτι
783 2037 859 2129 ύπέρ
887 2051 942 2107 τοῦ
971 2045 1113 2126 σεταρίυυ
1135 2037 1224 2129 ἡμεῖς
1248 2037 1266 2106 δ
1290 2041 1442 2125 βασελτίς
1471 2045 1531 2106 καί

260 2163 280 2253 ἡ
308 2163 447 2254 ἡμετίρα
475 2168 621 2250 βασιλεία
649 2168 783 2253 λὲγομεν
811 2169 868 2232 καί
896 2163 1027 2253 ἐρίσκει
1055 2167 1203 2245 γίνεσθαι
1231 2163 1280 2229 ἐπί
1310 2166 1410 2250 τούτῳ
1441 2169 1532 2229 κατὰ

261 2292 314 2354 τόν
338 2292 432 2356 τύπον
458 2299 518 2356 τῶν
546 2291 677 2376 τρεβῶν,
714 2301 874 2377 μενουσῶν
909 2294 1014 2376 μίντοι
1042 2299 1103 2354 τῶν
1131 2287 1235 2354 ἄλλων
1258 2299 1367 2354 πασῶν
1390 2286 1531 2354 ἐλευθε-

260 2423 334 2499 ριιῖν
358 2423 416 2478 τῶν
441 2410 542 2480 οὐσῶν
566 2411 616 2480 ἐπί
638 2417 756 2488 πείσαις
780 2427 846 2488 ταῖς
870 2411 984 2487 ἄλλοις
1009 2417 1239 2499 πραγματείαις
1265 2417 1322 2477 καί
1343 2415 1533 2498 πράγμασιν

261 2540 307 2613 εἰς
336 2541 390 2627 τὴν
421 2537 524 2606 αότῶν
552 2545 764 2619 κατάστασιν,
799 2541 913 2614 καθείς
941 2537 974 2603 ἐν
999 2549 1067 2612 ταῖς
1100 2540 1227 2624 τρίβαις
1260 2539 1530 2624 διαλαμβάνεται.

262 2663 308 2727 ἐτι
334 2660 424 2751 ἡμεῖς
448 2661 465 2728 δ
489 2665 638 2749 βασιλεὺς
666 2670 723 2730 καί
749 2660 769 2751 ἡ
794 2660 932 2751 ἡμετίρα
961 2664 1109 2747 βασιλεία
1137 2659 1380 2750 ὑπισχνούμεθα
1406 2664 1451 2749 τῷ
1481 2663 1530 2728 εὶ-

261 2793 385 2874 ρημενερ
413 2787 655 2876 ἀποκρισιορίερ,
692 2787 846 2876 ἐπιτρόπῳ
873 2792 929 2854 καί
957 2788 1108 2874 συνδίκιρ,
1142 2785 1223 2854 ὥστε
1250 2791 1353 2854 πάντα
1380 2791 1422 2852 τὰ
1448 2809 1531 2854 καε-

260 2916 479 3000 νουργὴμαεα,
505 2917 562 2987 τὰς
587 2911 784 3002 ἀραιρίοεες,
813 2915 869 2985 τὰς
894 2915 1023 2999 ζημίας,
1049 2913 1298 2999 προσκρούματα
1318 2914 1376 2976 καί
1397 2911 1532 2996 βλάβας

260 3039 315 3110 τὰς
340 3043 510 3123 γενομένας
533 3033 573 3101 δι’
595 3032 684 3123 ἡμῶν
707 3039 764 3102 καί
787 3046 842 3124 τῆς
869 3037 1034 3120 βασιλείας
1057 3032 1146 3124 ἡμων
1169 3045 1232 3109 τοῖς
1256 3031 1530 3121 ύποτεταγμίνοις

260 3158 303 3245 τῷ
336 3158 490 3248 είρημίνῳ
524 3158 611 3246 κυρῲ
638 3159 730 3224 δοοκί
756 3163 812 3226 καί
837 3159 882 3247 τῷ
911 3161 1088 3245 κουμοονίιρ
1115 3157 1263 3232 Βενετίας
1290 3156 1323 3222 ἐν
1352 3160 1395 3244 τῷ
1421 3162 1533 3246 καιρῷ

259 3286 314 3348 καί
348 3287 428 3370 μετὰ
462 3286 515 3349 τύν
548 3281 662 3369 καιρὸν
690 3293 750 3350 τῶν
778 3284 963 3349 τελευταίων
992 3284 1108 3368 τρεβῶν
1136 3291 1196 3348 τῶν
1225 3287 1401 3368 γενομίνεον
1427 3280 1462 3346 ἐν
1489 3295 1531 3370 τῇ

258 3406 588 3474 Κωνσταντινοοπύλεε
615 3412 672 3474 καί
700 3412 779 3494 μετὰ
807 3417 907 3473 ταῦτα
935 3405 1081 3482 ἐναντίως
1114 3415 1169 3472 τοῦ
1198 3408 1294 3472 τύπου
1321 3416 1381 3470 τῶν
1405 3409 1531 3492 τρεβων

259 3531 439 3597 καταλῦσαι
466 3535 522 3597 καί
556 3531 805 3618 διορθώσασθαι
831 3535 887 3596 καί
922 3529 1131 3612 ἐπαναγαγεῖν
1158 3530 1204 3606 είς
1231 3531 1287 3619 εὴν
1313 3529 1530 3620 δρειλομίνην

259 3656 338 3722 εἶναι
364 3661 421 3722 καί
444 3657 478 3722 ἐν
500 3656 524 3746 ἡ
545 3655 627 3745 ἡοαν
650 3661 863 3737 καταστάσει,
892 3659 1006 3731 καθιύς
1034 3655 1102 3722 ἐστι
1124 3657 1249 3722 δίκαιον
1272 3660 1328 3722 καί
1351 3654 1529 3743 ίφείλομεν

258 3785 343 3846 κατὰ
370 3784 424 3848 τδν
450 3784 544 3850 τύπον
573 3793 632 3848 τῶν
662 3783 788 3868 τρεβεῖν.
817 3779 935 3868 δμοίως
958 3782 995 3848 δὲ
1017 3783 1074 3846 καί
1096 3778 1113 3846 δ
1138 3779 1304 3868 εἰρημένος
1332 3779 1529 3866 ἀποκρεαιιί-

258 3927 342 3992 ρεος,
372 3907 517 3980 σύνδικος
544 3911 601 3971 καί
629 3903 794 3992 ἐπίτροπος
822 3901 954 3992 δνύματι
981 3909 1037 3970 καί
1067 3905 1183 3990 δικαίῳ
1206 3912 1260 3969 τοῦ
1282 3914 1382 3990 κορού
1405 3903 1530 3978 δουκδς

257 4035 313 4096 καί
336 4039 390 4097 τοῦ
412 4037 602 4118 κουμοονίοο
624 4031 771 4105 Βενετίας
799 4027 996 4118 ὑπισχνεῖται
1022 4025 1095 4118 ἡμῖν
1118 4027 1175 4095 καί
1198 4041 1236 4117 τῇ
1260 4029 1410 4114 βασιλεία
1432 4025 1529 4117 ἡμων

256 4157 359 4220 ποίντα
386 4159 425 4221 τὰ
448 4154 533 4222 ἄλλα
567 4159 843 4243 καινουργὴματα,
881 4153 1067 4241 ἐπαιτὴσεις
1094 4156 1150 4218 καί
1174 4150 1315 4230 ἀδικίας,
1338 4157 1529 4238 προσκρού-

258 4303 344 4368 ματα
372 4287 427 4348 καί
455 4287 571 4370 ζημίας
597 4285 637 4347 τὰ
664 4286 832 4368 γινομενας
859 4283 912 4347 διὰ
942 4288 997 4346 τοῦ
1021 4287 1120 4366 κυρού
1143 4279 1260 4352 δουκύς
1282 4280 1339 4342 καί
1362 4287 1418 4343 τού
1442 4299 1528 4344 κου-

258 4411 386 4493 μουνίου
418 4405 566 4482 Βενετίας
600 4417 664 4479 τοῖς
699 4401 963 4491 ύποτεταγμίνοις
991 4399 1064 4490 ἡμῖν
1092 4401 1154 4469 ἀπὸ
1183 4409 1238 4467 τοῦ
1268 4409 1383 4487 καιροῦ
1407 4406 1468 4466 καί
1495 4401 1529 4467 ἐν

257 4531 300 4616 τῷ
325 4529 427 4617 καιρῷ
459 4541 520 4596 τῶν
553 4531 742 4598 τελευταίων
770 4529 886 4616 τρεβων
917 4537 977 4593 τῶν
1000 4531 1174 4613 γενομένων
1198 4525 1231 4591 ἐν
1255 4537 1294 4613 εὴ
1316 4523 1528 4592 Κωνσταντι-

258 4654 399 4718 νουπύλει
429 4657 484 4718 καί
512 4657 593 4741 μετὰ
619 4661 720 4718 ταῦτα
748 4650 893 4725 ἐναντίως
917 4658 971 4715 τοῦ
994 4651 1090 4714 τύπου
1113 4660 1176 4714 τῶν
1199 4651 1316 4736 τρεβσίν
1339 4649 1530 4734 διορθώσα-

258 4781 339 4847 σθαι
371 4782 427 4845 καί
460 4777 673 4862 ἐπαναγαγεῖν
707 4777 752 4854 είς
779 4777 818 4866 ἡν
845 4774 927 4866 ἡσαν
960 4780 1156 4844 κατάστασιν
1186 4775 1244 4842 καί
1268 4775 1307 4865 ἡν
1341 4772 1528 4866 δρείλουσιν
