3132 5268
207 358 271 423 212

206 550 302 614 υύλου
327 558 386 612 τῶν
411 549 444 612 έν
469 547 800 614 Κωνσταντινσυπόλει
823 547 1012 626 Βενετίκων,
1038 543 1112 635 ύπόρ
1136 545 1178 614 ὢν
1203 559 1329 634 χρυσῶν
1353 549 1479 614 δουκιί-

207 693 267 736 των
291 673 461 756 τριάκοντα
484 673 638 757 χιλιάδων
661 677 717 738 καί
740 670 854 756 ἑτέρων
877 681 937 738 τῶν
961 675 1198 758 προειρημένων
1220 670 1255 740 ίν
1278 672 1322 760 τῖρ
1345 667 1481 760 ῥηθέντι

205 794 392 883 συμβολαίφ
424 797 727 883 διαλαμβανομένων
756 795 773 862 ό
801 807 861 884 κύρ
896 798 971 872 δούί
1004 801 1060 862 καί
1093 799 1128 864 τό
1162 799 1352 883 κυυμούνιυν
1378 797 1481 864 Βενε-

208 925 277 996 τίυις
302 919 431 1005 ἔχουσιν
455 918 500 996 είς
524 917 659 1006 ἐνέχυρα
681 924 802 1006 κόσμια
830 928 885 1005 τῆς
913 920 1079 1004 βασιλείας
1102 922 1142 986 τά
1165 917 1423 1006 ἐμπεριεχόμενα
1450 919 1482 986 έν

207 1043 249 1127 τῴ
276 1039 408 1130 ῥηθέντι
429 1044 624 1128 συμβολαίου,
648 1047 703 1108 καί
726 1047 913 1138 σωζομένων
941 1040 993 1108 ιἰεί
1015 1045 1072 1107 καί
1098 1047 1302 1129 τηρουμένων
1323 1041 1365 1127 τῷ
1392 1043 1484 1130 κυρὲρ

208 1171 299 1234 δουκί
322 1173 378 1236 καί
402 1169 444 1254 τῴ
466 1173 644 1255 κυυμυυνίιρ
667 1169 817 1241 Βενετίας
845 1164 1005 1253 ἀκεραίως
1033 1170 1156 1235 πάντων
1180 1177 1240 1234 τῶν
1264 1166 1398 1234 δικαίων
1422 1173 1481 1234 καί

210 1291 359 1373 ἀγωγῶν,
399 1293 420 1358 ἀ
454 1293 492 1378 δὴ
528 1297 585 1358 καί
618 1293 656 1366 άς
691 1289 708 1358 δ
742 1301 803 1378 κύρ
838 1291 913 1367 δούέ
945 1294 1001 1356 καί
1034 1294 1070 1356 τό
1108 1293 1297 1376 κουμούνιον
1326 1291 1483 1364 Βενετίας

206 1417 337 1502 έχουσιν
361 1419 418 1481 καί
442 1414 528 1501 ἔχειν
552 1416 700 1483 δύνανται
722 1418 807 1482 κατὰ
836 1424 891 1501 τῆς
916 1411 1081 1498 βασιλείας
1104 1409 1194 1502 ἡμῶν
1216 1419 1290 1500 περί
1313 1415 1482 1483 δουκάτιυν

208 1549 333 1626 χρυσῶν
367 1543 458 1605 πέντε
493 1538 646 1626 χιλιάδων
682 1549 742 1602 τῶν
769 1539 1000 1605 δανεισθέντων
1030 1547 1068 1623 τη
1097 1538 1247 1621 βασιλεία
1270 1533 1361 1624 ἡμῶν
1383 1535 1420 1604 δν
1446 1547 1484 1624 τη

207 1660 293 1746 Αίνιρ
317 1663 371 1728 διά
399 1683 481 1734 τινος
509 1663 566 1748 σύρ
594 1661 736 1747 Μοιρίνου
771 1661 938 1746 Φαρέτρου
973 1658 1104 1746 όνόματι
1138 1669 1193 1728 τού
1225 1669 1328 1747 κυρού
1361 1661 1485 1734 δουκύς

208 1789 264 1852 καί
288 1793 343 1853 τού
367 1789 556 1871 κουμουνίυυ
583 1783 747 1862 Βενειίας,
783 1780 859 1870 ύιτὲρ
887 1781 929 1848 ὧν
957 1781 974 1848 ό
997 1791 1056 1869 κύρ
1084 1783 1159 1859 δούέ
1186 1788 1242 1850 καί
1268 1787 1305 1850 τό
1335 1788 1484 1872 κουμού·

207 1931 271 1973 νιον
298 1907 448 1980 Βενετίας
477 1906 605 1993 ἔχουσιν
635 1907 680 1980 είς
708 1906 856 1993 ἐνέχυρον
886 1905 949 1972 ἀπό
976 1915 1032 1992 τῆς
1061 1905 1228 1993 βασιλείας
1255 1905 1345 1996 ἡμῶν
1371 1911 1485 1974 παλά-

209 2036 272 2107 έιον
296 2033 338 2114 έν,
365 2028 446 2098 ούτω
471 2037 591 2118 μέντοι,
620 2028 667 2096 ότι
691 2030 943 2119 σίπορληθέντινν
970 2041 1030 2096 τῶν
1055 2029 1227 2118 είρημένυν
1253 2037 1346 2098 πέντε
1375 2037 1488 2119 χιλιά-

209 2158 270 2222 δων
299 2166 425 2242 χρυσῶν
453 2156 617 2222 δουκάτων
645 2157 688 2240 τῷ
716 2154 803 2240 κυροῖ
839 2156 930 2220 δουκί
964 2158 1020 2222 καί
1049 2154 1091 2238 uf»
1121 2161 1300 2242 κοομουνίφ
1330 2155 1487 2231 Βενιτίας

210 2277 438 2365 ἐνεχέσθῶσαν
467 2282 502 2344 τό
526 2278 690 2364 είρημένον
718 2279 872 2354 παλύξιον
894 2288 934 2364 τη
956 2274 1097 2365 ἡμετέρα
1124 2279 1273 2363 βασιλεία
1296 2277 1487 2348 ἀποδοῦναι

207 2405 257 2472 ἔτι
286 2401 303 2467 ό
331 2401 495 2489 εἰρημένος
531 2401 706 2486 μιτσίούλος
741 2409 796 2466 τοῦ
830 2411 928 2486 κυρού
963 2402 1079 2474 δυυκός
1113 2405 1170 2470 καί
1201 2410 1256 2468 τού
1290 2403 1488 2488 κουμουνίυυ

209 2527 360 2604 Βενεείας
383 2525 437 2590 διόι
461 2535 516 2611 τῆς
539 2526 701 2611 παρούσης
725 2522 906 2612 συμφωνίας
929 2527 985 2592 καί
1009 2525 1122 2610 τρέβας
1147 2523 1287 2614 ἀφίησιν,
1312 2523 1488 2612 ἀνατρέπει

211 2653 267 2714 καί
294 2649 449 2714 καταλύει
474 2651 580 2721 στάσας
608 2671 640 2713 τε
669 2651 725 2712 καί
752 2645 892 2722 όκάστας
919 2650 976 2720 τόις
1005 2645 1106 2721 ἄλλας
1135 2645 1278 2726 ἀδικίας,
1303 2649 1488 2738 βαρύτητας

212 2777 268 2842 καί
302 2777 418 2860 ζημίας
452 2775 508 2846 τὰς
543 2771 772 2857 ἐπενεχθείσας
805 2767 877 2855 παρ’
912 2766 1001 2857 ἡμῶν
1028 2775 1084 2836 καί
1112 2779 1167 2857 της
1199 2771 1366 2854 βασιλείας
1395 2770 1488 2860 ἡμῶν

213 2902 269 2964 καί
292 2907 351 2962 τῶν
379 2898 464 2964 λαῶν
492 2901 547 2962 καί
575 2867 835 2980 ὑποτεταγμένων
862 2890 935 2980 ἡμίν
970 2906 1033 2966 τοῖς
1067 2893 1247 2967 Βενετίκοις
1281 2899 1338 2960 καί
1363 2907 1488 2969 πιστοῖς

215 3032 270 3086 τού
294 3030 390 3107 κυρού
425 3022 541 3093 δουιιός
575 3024 631 3083 καί
666 3027 722 3084 τού
756 3021 947 3102 κουμουνίου
980 3015 1130 3090 Βενεείας
1162 3015 1225 3090 ἕως
1257 3026 1316 3104 τῆς
1344 3021 1488 3106 σήμερον

215 3144 350 3233 ἡμέρας,
385 3147 563 3231 ἐλευθερῶν
587 3149 642 3207 καί
671 3142 817 3208 ἀπολύων
845 3143 901 3206 καί
929 3139 1119 3226 ἐλευθέρους
1149 3145 1206 3209 καί
1229 3138 1489 3227 ἀπολελυμένους

216 3270 261 3344 εἰς
285 3273 319 3334 τό
344 3271 488 3356 διηνεκές
512 3267 592 3334 εἶναι
621 3267 726 3332 θέλων
753 3262 841 3352 ημᾶς
868 3269 924 3330 καί
952 3265 1007 3352 την
1033 3265 1195 3348 βασιλείαν
1218 3262 1309 3352 ἡμῶν
1332 3271 1390 3332 καί
1414 3269 1489 3342 τούς

216 3393 314 3466 λαούς
348 3389 437 3478 ἡμῶν
471 3396 527 3456 καί
561 3391 634 3466 τούς
668 3390 887 3476 κληρονόμους
921 3392 979 3454 καί
1011 3389 1185 3474 διαδόχους
1217 3385 1305 3475 ἡμῶν
1335 3388 1399 3456 ἀπό
1429 3403 1491 3458 τῶν

218 3516 392 3602 εἰρημένων
421 3513 566 3592 ἀδικιῶν,
595 3519 715 3600 ζημιῶν
739 3533 772 3576 τε
795 3515 851 3578 καί
878 3515 1133 3597 προσκομμάτων
1160 3521 1221 3576 τῶν
1250 3510 1492 3600 ἀπενεχθέντων

218 3642 276 3704 καί
302 3642 477 3723 γινομένων
511 3641 596 3723 παρὰ
625 3648 684 3702 τῶν
718 3639 991 3722 προηγησαμίνων
1025 3631 1111 3725 ἡμᾶς
1145 3639 1202 3700 καί
1231 3645 1292 3700 τῶν
1316 3637 1404 3702 λαῶν
1429 3649 1492 3704 τῶν

219 3731 476 3847 ύποτεταγμένιυν
505 3757 577 3848 ἡμῖν
605 3764 661 3826 καί
688 3769 744 3846 τῆς
773 3760 939 3843 βασιλείας
966 3755 1055 3846 ἡμῶν
1078 3763 1134 3826 καί
1155 3759 1243 3833 ίδίιος
1266 3759 1336 3847 περὶ
1359 3759 1492 3828 ἐκείνων

219 3895 282 3952 τῶνΙ
302 3883 334 3949 έν
358 3885 400 3970 τῷ
421 3887 506 3970 κυρῴ
534 3885 626 3950 δυυκί
654 3888 710 3948 καί
733 3881 777 3970 τῷ
798 3886 976 3967 κουμουνίιρ
998 3881 1148 3956 Βενιτίας
1175 3887 1232 3948 καί
1257 3895 1321 3957 τοῖς
1343 3887 1493 3960 πολίταις

217 4010 397 4084 Βενετίκοις
422 3998 658 4096 έπενεχθένάιον
683 4011 739 4071 καί
763 4009 938 4086 γεγονότων
961 4004 994 4068 έν
1018 4005 1061 4090 τῷ
1083 4005 1184 4092 καιρῷ
1211 4015 1270 4072 τού
1296 4017 1353 4094 της
1382 4033 1495 4095 μακα-

218 4141 288 4221 ρίας
316 4139 374 4198 καί
401 4131 576 4219 όσιωτάτης
605 4135 733 4218 μνήμης
761 4138 860 4216 κυρού
888 4128 1106 4214 Ἀνδρονίκου,
1143 4128 1176 4194 ἀν
1199 4131 1326 4218 Χριστιβ
1350 4133 1395 4219 τῷ
1422 4137 1493 4220 θεῷ

218 4267 329 4324 πιστοῦ
355 4255 510 4340 βασιλέως
533 4259 589 4320 καί
612 4221 849 4338 αὐτοκράτορος
873 4250 1051 4338 Ῥωμαίων,
1079 4262 1134 4321 τού
1162 4253 1409 4336 Παλαιυλόγου,
1436 4269 1494 4324 τοῦ

219 4384 312 4446 θείου
341 4388 397 4464 της
426 4379 589 4462 βασιλείας
614 4398 690 4462 μου,
724 4385 889 4450 ποιοῦντος
923 4372 996 4462 ἡμῖν
1030 4380 1086 4442 καί
1109 4387 1149 4464 τῇ
1176 4373 1317 4464 ἡμετέρα
1341 4382 1496 4466 βασιλεία

219 4511 274 4569 τού
303 4501 468 4588 είρημένυυ
503 4501 681 4587 μπαῐούλου
716 4497 847 4584 όνόματι
875 4503 932 4564 καί
960 4499 1073 4585 δικαίῳ
1108 4509 1163 4566 τού
1194 4499 1364 4588 είρημένυυ
1394 4515 1495 4592 κυρού

220 4628 336 4700 δυυιιός
359 4627 416 4688 καί
440 4632 494 4688 τού
522 4627 713 4710 κουμουνίου
735 4621 884 4694 Βενετίας
912 4623 1100 4709 δεχομένοις
1127 4629 1184 4688 καί
1211 4625 1416 4710 λαμβάνουσι
1442 4635 1497 4694 τέ-

221 4750 286 4828 λος,
324 4746 524 4832 έλευθερίαν,
561 4744 732 4830 ὑπόσχεσιν
766 4747 822 4808 καί
859 4750 1053 4830 συμφωνίαν,
1088 4742 1169 4812 ίύστε
1205 4745 1248 4822 είς
1284 4752 1319 4814 τό
1347 4749 1421 4838 ἑξῆς
1448 4756 1495 4840 μὴ
