<?xml version="1.0" encoding="UTF-8"?>
<!DOCTYPE html PUBLIC "-//W3C//DTD XHTML 1.0 Transitional//EN"
    "http://www.w3.org/TR/xhtml1/DTD/xhtml1-transitional.dtd">
<html xmlns="http://www.w3.org/1999/xhtml" xml:lang="en" lang="en">
 <head>
  <title>
</title>
<meta http-equiv="Content-Type" content="text/html;charset=utf-8" />
  <meta name='ocr-system' content='tesseract 3.04.00' />
  <meta name='ocr-capabilities' content='ocr_page ocr_carea ocr_par ocr_line ocrx_word'/>
</head>
<body>
  <div class='ocr_page' id='page_1' title='image "./actaetdiplomata03miklgoog_0220.png"; bbox 0 0 3132 5268; ppageno 0'>
   <div class='ocr_carea' id='block_1_1' title="bbox 1250 364 1312 430">
    <p class='ocr_par' dir='ltr' id='par_1_1' title="bbox 1250 364 1312 430">
     <span class='ocr_line' id='line_1_1' title="bbox 1250 364 1312 430; baseline 0.032 -2"><span class='ocrx_word' id='word_1_1' title='bbox 1250 364 1312 430; x_wconf 77' lang='lat'>185</span> 
     </span>
    </p>
   </div>
   <div class='ocr_carea' id='block_1_2' title="bbox 40 559 1418 4509">
    <p class='ocr_par' dir='ltr' id='par_1_2' title="bbox 40 559 1418 4509">
     <span class='ocr_line' id='line_1_2' title="bbox 40 559 1315 652; baseline -0.003 -24"><span class='ocrx_word' id='word_1_2' title='bbox 40 588 124 650; x_wconf 89' lang='grc' dir='ltr'>νητα</span> <span class='ocrx_word' id='word_1_3' title='bbox 148 569 187 629; x_wconf 88' lang='grc' dir='ltr'>τὰ</span> <span class='ocrx_word' id='word_1_4' title='bbox 210 571 424 651; x_wconf 75' lang='grc' dir='ltr'>προειρημένα</span> <span class='ocrx_word' id='word_1_5' title='bbox 454 569 557 630; x_wconf 82' lang='grc' dir='ltr'>πάντα</span> <span class='ocrx_word' id='word_1_6' title='bbox 583 565 671 652; x_wconf 78' lang='grc' dir='ltr'>ἔχειν</span> <span class='ocrx_word' id='word_1_7' title='bbox 695 587 728 629; x_wconf 85' lang='grc' dir='ltr'>τε</span> <span class='ocrx_word' id='word_1_8' title='bbox 752 567 808 629; x_wconf 86' lang='grc' dir='ltr'>καί</span> <span class='ocrx_word' id='word_1_9' title='bbox 830 575 956 649; x_wconf 82' lang='grc' dir='ltr'>κρατεῖν</span> <span class='ocrx_word' id='word_1_10' title='bbox 978 559 1036 627; x_wconf 86' lang='grc' dir='ltr'>καὶ</span> <span class='ocrx_word' id='word_1_11' title='bbox 1060 559 1315 646; x_wconf 85' lang='grc' dir='ltr'>ἀπαρόθραυστα</span> 
     </span>
     <span class='ocr_line' id='line_1_3' title="bbox 43 685 1314 777; baseline -0.005 -23"><span class='ocrx_word' id='word_1_12' title='bbox 43 701 207 775; x_wconf 72' lang='grc' dir='ltr'>συντηρεῖν</span> <span class='ocrx_word' id='word_1_13' title='bbox 235 693 292 754; x_wconf 84' lang='grc' dir='ltr'>καί</span> <span class='ocrx_word' id='word_1_14' title='bbox 319 687 523 776; x_wconf 74' lang='grc' dir='ltr'>ἀποπληροῦν</span> <span class='ocrx_word' id='word_1_15' title='bbox 546 687 566 776; x_wconf 84' lang='grc' dir='ltr'><strong>ἢ</strong></span> <span class='ocrx_word' id='word_1_16' title='bbox 590 689 809 777; x_wconf 77' lang='grc' dir='ltr'>φυλάττεσθαι</span> <span class='ocrx_word' id='word_1_17' title='bbox 837 691 893 752; x_wconf 92' lang='grc' dir='ltr'>καί</span> <span class='ocrx_word' id='word_1_18' title='bbox 920 685 1188 773; x_wconf 77' lang='grc' dir='ltr'>ἀποπληροῦσθαι</span> <span class='ocrx_word' id='word_1_19' title='bbox 1221 693 1314 770; x_wconf 82' lang='grc' dir='ltr'>ποιῆ-</span> 
     </span>
     <span class='ocr_line' id='line_1_4' title="bbox 45 805 1315 900; baseline -0.004 -23"><span class='ocrx_word' id='word_1_20' title='bbox 45 837 98 878; x_wconf 83' lang='grc' dir='ltr'>ται</span> <span class='ocrx_word' id='word_1_21' title='bbox 128 817 187 877; x_wconf 85' lang='grc' dir='ltr'>καί</span> <span class='ocrx_word' id='word_1_22' title='bbox 222 817 264 898; x_wconf 85' lang='grc' dir='ltr'>μή</span> <span class='ocrx_word' id='word_1_23' title='bbox 300 811 448 887; x_wconf 76' lang='grc' dir='ltr'>ἐναντίως</span> <span class='ocrx_word' id='word_1_24' title='bbox 481 822 614 899; x_wconf 84' lang='grc' dir='ltr'>ποιῆσαι</span> <span class='ocrx_word' id='word_1_25' title='bbox 644 811 664 900; x_wconf 78' lang='grc' dir='ltr'><strong>ἢ</strong></span> <span class='ocrx_word' id='word_1_26' title='bbox 696 811 841 879; x_wconf 80' lang='grc' dir='ltr'>ἐπελθεῖν</span> <span class='ocrx_word' id='word_1_27' title='bbox 869 823 933 885; x_wconf 82' lang='grc' dir='ltr'>τοῖς</span> <span class='ocrx_word' id='word_1_28' title='bbox 967 813 1203 898; x_wconf 82' lang='grc' dir='ltr'>προειρημένοις</span> <span class='ocrx_word' id='word_1_29' title='bbox 1229 807 1249 895; x_wconf 80' lang='grc' dir='ltr'><strong>ἢ</strong></span> <span class='ocrx_word' id='word_1_30' title='bbox 1283 805 1315 872; x_wconf 82' lang='grc' dir='ltr'>έν</span> 
     </span>
     <span class='ocr_line' id='line_1_5' title="bbox 44 929 1316 1024; baseline -0.002 -27"><span class='ocrx_word' id='word_1_31' title='bbox 44 956 102 998; x_wconf 83' lang='grc' dir='ltr'>τινι</span> <span class='ocrx_word' id='word_1_32' title='bbox 131 947 194 1001; x_wconf 77' lang='grc' dir='ltr'>τῶν</span> <span class='ocrx_word' id='word_1_33' title='bbox 221 941 455 1024; x_wconf 88' lang='grc' dir='ltr'>προειρημένων</span> <span class='ocrx_word' id='word_1_34' title='bbox 483 935 522 1002; x_wconf 84' lang='grc' dir='ltr'>δι’</span> <span class='ocrx_word' id='word_1_35' title='bbox 550 933 639 1024; x_wconf 81' lang='grc' dir='ltr'>ήμῶν</span> <span class='ocrx_word' id='word_1_36' title='bbox 662 935 683 1024; x_wconf 81' lang='grc' dir='ltr'><strong>ἢ</strong></span> <span class='ocrx_word' id='word_1_37' title='bbox 706 935 746 1002; x_wconf 87' lang='grc' dir='ltr'>δι’</span> <span class='ocrx_word' id='word_1_38' title='bbox 776 935 881 1004; x_wconf 78' lang='grc' dir='ltr'>ἄλλων</span> <span class='ocrx_word' id='word_1_39' title='bbox 910 933 972 1001; x_wconf 88' lang='grc' dir='ltr'>ἀπό</span> <span class='ocrx_word' id='word_1_40' title='bbox 1001 936 1127 1000; x_wconf 89' lang='grc' dir='ltr'>δικαίου</span> <span class='ocrx_word' id='word_1_41' title='bbox 1149 929 1170 1020; x_wconf 78' lang='grc' dir='ltr'>ἢ</span> <span class='ocrx_word' id='word_1_42' title='bbox 1194 935 1316 1021; x_wconf 86' lang='grc' dir='ltr'>ροίκτοο</span> 
     </span>
     <span class='ocr_line' id='line_1_6' title="bbox 44 1054 1315 1148; baseline -0.003 -24"><span class='ocrx_word' id='word_1_43' title='bbox 44 1065 150 1147; x_wconf 79' lang='grc' dir='ltr'>τρόπω</span> <span class='ocrx_word' id='word_1_44' title='bbox 180 1067 238 1127; x_wconf 87' lang='grc' dir='ltr'>τινί</span> <span class='ocrx_word' id='word_1_45' title='bbox 260 1059 281 1148; x_wconf 79' lang='grc' dir='ltr'>ἢ</span> <span class='ocrx_word' id='word_1_46' title='bbox 305 1073 437 1148; x_wconf 76' lang='grc' dir='ltr'>μηχανῇ</span> <span class='ocrx_word' id='word_1_47' title='bbox 460 1060 480 1148; x_wconf 84' lang='grc' dir='ltr'>ή</span> <span class='ocrx_word' id='word_1_48' title='bbox 504 1060 591 1147; x_wconf 77' lang='grc' dir='ltr'>αἰτίη</span> <span class='ocrx_word' id='word_1_49' title='bbox 617 1059 667 1126; x_wconf 83' lang='grc' dir='ltr'>έπί</span> <span class='ocrx_word' id='word_1_50' title='bbox 690 1057 842 1148; x_wconf 82' lang='grc' dir='ltr'>ἀποθήκη</span> <span class='ocrx_word' id='word_1_51' title='bbox 870 1058 927 1126; x_wconf 87' lang='grc' dir='ltr'>καὶ</span> <span class='ocrx_word' id='word_1_52' title='bbox 951 1057 1049 1147; x_wconf 76' lang='grc' dir='ltr'>ένοχή</span> <span class='ocrx_word' id='word_1_53' title='bbox 1073 1067 1132 1123; x_wconf 82' lang='grc' dir='ltr'>τῶν</span> <span class='ocrx_word' id='word_1_54' title='bbox 1155 1054 1315 1145; x_wconf 75' lang='grc' dir='ltr'>ἡμετέρων</span> 
     </span>
     <span class='ocr_line' id='line_1_7' title="bbox 42 1183 1315 1274; baseline -0.004 -23"><span class='ocrx_word' id='word_1_55' title='bbox 42 1192 98 1251; x_wconf 80' lang='grc' dir='ltr'>καί</span> <span class='ocrx_word' id='word_1_56' title='bbox 129 1197 188 1274; x_wconf 83' lang='grc' dir='ltr'>τῆς</span> <span class='ocrx_word' id='word_1_57' title='bbox 224 1188 388 1271; x_wconf 77' lang='grc' dir='ltr'>βασιλείας</span> <span class='ocrx_word' id='word_1_58' title='bbox 423 1183 511 1274; x_wconf 83' lang='grc' dir='ltr'>ήμῦιν</span> <span class='ocrx_word' id='word_1_59' title='bbox 541 1191 597 1252; x_wconf 87' lang='grc' dir='ltr'>καί</span> <span class='ocrx_word' id='word_1_60' title='bbox 624 1195 680 1252; x_wconf 91' lang='grc' dir='ltr'>τοῦ</span> <span class='ocrx_word' id='word_1_61' title='bbox 711 1185 878 1274; x_wconf 77' lang='grc' dir='ltr'>εἰρημένου</span> <span class='ocrx_word' id='word_1_62' title='bbox 912 1192 1008 1272; x_wconf 91' lang='grc' dir='ltr'>κυροῦ</span> <span class='ocrx_word' id='word_1_63' title='bbox 1042 1185 1158 1257; x_wconf 89' lang='grc' dir='ltr'>δοοκός</span> <span class='ocrx_word' id='word_1_64' title='bbox 1181 1187 1237 1248; x_wconf 86' lang='grc' dir='ltr'>καί</span> <span class='ocrx_word' id='word_1_65' title='bbox 1260 1191 1315 1246; x_wconf 89' lang='grc' dir='ltr'>τοῦ</span> 
     </span>
     <span class='ocr_line' id='line_1_8' title="bbox 43 1304 1314 1397; baseline -0.002 -24"><span class='ocrx_word' id='word_1_66' title='bbox 43 1315 236 1397; x_wconf 86' lang='grc' dir='ltr'>κουμυονίου</span> <span class='ocrx_word' id='word_1_67' title='bbox 270 1311 420 1385; x_wconf 88' lang='grc' dir='ltr'>Βενεπίας</span> <span class='ocrx_word' id='word_1_68' title='bbox 455 1309 591 1391; x_wconf 79' lang='grc' dir='ltr'>ἀγαθῶν</span> <span class='ocrx_word' id='word_1_69' title='bbox 626 1321 686 1376; x_wconf 78' lang='grc' dir='ltr'>τῶν</span> <span class='ocrx_word' id='word_1_70' title='bbox 714 1333 747 1376; x_wconf 89' lang='grc' dir='ltr'>τε</span> <span class='ocrx_word' id='word_1_71' title='bbox 776 1320 828 1377; x_wconf 92' lang='grc' dir='ltr'>νῦν</span> <span class='ocrx_word' id='word_1_72' title='bbox 857 1307 952 1376; x_wconf 85' lang='grc' dir='ltr'>ὄντων</span> <span class='ocrx_word' id='word_1_73' title='bbox 981 1315 1037 1376; x_wconf 83' lang='grc' dir='ltr'>καὶ</span> <span class='ocrx_word' id='word_1_74' title='bbox 1065 1307 1237 1394; x_wconf 66' lang='grc' dir='ltr'>θυομένων,</span> <span class='ocrx_word' id='word_1_75' title='bbox 1272 1304 1314 1372; x_wconf 84' lang='grc' dir='ltr'>ὧν</span> 
     </span>
     <span class='ocr_line' id='line_1_9' title="bbox 43 1431 1315 1522; baseline -0.002 -24"><span class='ocrx_word' id='word_1_76' title='bbox 43 1439 168 1500; x_wconf 83' lang='grc' dir='ltr'>πάντων</span> <span class='ocrx_word' id='word_1_77' title='bbox 185 1436 229 1508; x_wconf 81' lang='grc' dir='ltr'>είς</span> <span class='ocrx_word' id='word_1_78' title='bbox 246 1439 419 1521; x_wconf 79' lang='grc' dir='ltr'>μαρτυρίαν</span> <span class='ocrx_word' id='word_1_79' title='bbox 439 1439 495 1500; x_wconf 83' lang='grc' dir='ltr'>καί</span> <span class='ocrx_word' id='word_1_80' title='bbox 511 1437 745 1522; x_wconf 69' lang='grc' dir='ltr'>καθαρωτέραν</span> <span class='ocrx_word' id='word_1_81' title='bbox 770 1437 938 1520; x_wconf 78' lang='grc' dir='ltr'>βεβαίωσιν</span> <span class='ocrx_word' id='word_1_82' title='bbox 954 1431 1044 1522; x_wconf 78' lang='grc' dir='ltr'>ἡμεῖς</span> <span class='ocrx_word' id='word_1_83' title='bbox 1061 1431 1078 1500; x_wconf 86' lang='grc' dir='ltr'>δ</span> <span class='ocrx_word' id='word_1_84' title='bbox 1095 1433 1244 1516; x_wconf 84' lang='grc' dir='ltr'>βασιλεῦς</span> <span class='ocrx_word' id='word_1_85' title='bbox 1260 1435 1315 1496; x_wconf 85' lang='grc' dir='ltr'>καί</span> 
     </span>
     <span class='ocr_line' id='line_1_10' title="bbox 44 1556 1418 1660; baseline -0.001 -37"><span class='ocrx_word' id='word_1_86' title='bbox 44 1556 62 1644; x_wconf 77' lang='grc' dir='ltr'>ἡ</span> <span class='ocrx_word' id='word_1_87' title='bbox 89 1561 240 1642; x_wconf 88' lang='grc' dir='ltr'>βασιλεία</span> <span class='ocrx_word' id='word_1_88' title='bbox 258 1557 349 1647; x_wconf 82' lang='grc' dir='ltr'>ήμων</span> <span class='ocrx_word' id='word_1_89' title='bbox 372 1564 429 1633; x_wconf 83' lang='grc' dir='ltr'>τὰς</span> <span class='ocrx_word' id='word_1_90' title='bbox 452 1562 615 1646; x_wconf 85' lang='grc' dir='ltr'>παρούσας</span> <span class='ocrx_word' id='word_1_91' title='bbox 638 1561 751 1646; x_wconf 84' lang='grc' dir='ltr'>τρέβας</span> <span class='ocrx_word' id='word_1_92' title='bbox 767 1562 921 1638; x_wconf 87' lang='grc' dir='ltr'>γενέσθαι</span> <span class='ocrx_word' id='word_1_93' title='bbox 943 1562 1000 1623; x_wconf 88' lang='grc' dir='ltr'>καί</span> <span class='ocrx_word' id='word_1_94' title='bbox 1023 1566 1182 1646; x_wconf 79' lang='grc' dir='ltr'>γραφῆναι</span> <span class='ocrx_word' id='word_1_95' title='bbox 1196 1578 1314 1644; x_wconf 85' lang='grc' dir='ltr'>προσε-</span> <span class='ocrx_word' id='word_1_96' title='bbox 1398 1641 1418 1660; x_wconf 36' lang='grc' dir='ltr'><em>ν</em></span> 
     </span>
     <span class='ocr_line' id='line_1_11' title="bbox 46 1681 1315 1772; baseline 0.001 -26"><span class='ocrx_word' id='word_1_97' title='bbox 46 1687 182 1769; x_wconf 77' lang='grc' dir='ltr'>τάξαμεν</span> <span class='ocrx_word' id='word_1_98' title='bbox 200 1687 383 1771; x_wconf 82' lang='grc' dir='ltr'>γράμμασιν</span> <span class='ocrx_word' id='word_1_99' title='bbox 405 1682 582 1772; x_wconf 83' lang='grc' dir='ltr'>ἑλληνικοῖς</span> <span class='ocrx_word' id='word_1_100' title='bbox 598 1688 653 1750; x_wconf 85' lang='grc' dir='ltr'>καί</span> <span class='ocrx_word' id='word_1_101' title='bbox 669 1685 851 1762; x_wconf 86' lang='grc' dir='ltr'>λατινικοίς,</span> <span class='ocrx_word' id='word_1_102' title='bbox 875 1681 1051 1771; x_wconf 78' lang='grc' dir='ltr'>ἑλληνικοίς</span> <span class='ocrx_word' id='word_1_103' title='bbox 1068 1686 1124 1770; x_wconf 86' lang='grc' dir='ltr'>μέν</span> <span class='ocrx_word' id='word_1_104' title='bbox 1139 1685 1193 1748; x_wconf 86' lang='grc' dir='ltr'>διὰ</span> <span class='ocrx_word' id='word_1_105' title='bbox 1209 1685 1315 1770; x_wconf 87' lang='grc' dir='ltr'>χειρός</span> 
     </span>
     <span class='ocr_line' id='line_1_12' title="bbox 47 1805 1316 1896; baseline -0.002 -22"><span class='ocrx_word' id='word_1_106' title='bbox 47 1811 215 1890; x_wconf 78' lang='grc' dir='ltr'>βασιλικοῦ</span> <span class='ocrx_word' id='word_1_107' title='bbox 231 1814 378 1894; x_wconf 89' lang='grc' dir='ltr'>νοπαρίυυ</span> <span class='ocrx_word' id='word_1_108' title='bbox 393 1807 552 1896; x_wconf 85' lang='grc' dir='ltr'>Γεωργίου</span> <span class='ocrx_word' id='word_1_109' title='bbox 576 1817 630 1873; x_wconf 92' lang='grc' dir='ltr'>τοῦ</span> <span class='ocrx_word' id='word_1_110' title='bbox 646 1805 854 1887; x_wconf 81' lang='grc' dir='ltr'>Μανικαίτοο,</span> <span class='ocrx_word' id='word_1_111' title='bbox 878 1809 1048 1883; x_wconf 85' lang='grc' dir='ltr'>λατινικοίς</span> <span class='ocrx_word' id='word_1_112' title='bbox 1072 1809 1108 1874; x_wconf 87' lang='grc' dir='ltr'>δέ</span> <span class='ocrx_word' id='word_1_113' title='bbox 1131 1809 1185 1873; x_wconf 85' lang='grc' dir='ltr'>διὰ</span> <span class='ocrx_word' id='word_1_114' title='bbox 1208 1811 1316 1895; x_wconf 86' lang='grc' dir='ltr'>χειρός</span> 
     </span>
     <span class='ocr_line' id='line_1_13' title="bbox 47 1931 1317 2020; baseline 0 -22"><span class='ocrx_word' id='word_1_115' title='bbox 47 1933 211 1999; x_wconf 76' lang='grc' dir='ltr'>Νικολάου</span> <span class='ocrx_word' id='word_1_116' title='bbox 235 1939 286 1999; x_wconf 85' lang='grc' dir='ltr'>ντὲ</span> <span class='ocrx_word' id='word_1_117' title='bbox 310 1933 525 2020; x_wconf 75' lang='grc' dir='ltr'>Μαρτινότζιω</span> <span class='ocrx_word' id='word_1_118' title='bbox 548 1941 603 1998; x_wconf 88' lang='grc' dir='ltr'>τοῦ</span> <span class='ocrx_word' id='word_1_119' title='bbox 625 1953 701 1998; x_wconf 86' lang='grc' dir='ltr'>ποτε</span> <span class='ocrx_word' id='word_1_120' title='bbox 728 1931 870 2018; x_wconf 90' lang='grc' dir='ltr'>Γαλμότι</span> <span class='ocrx_word' id='word_1_121' title='bbox 892 1937 943 1998; x_wconf 85' lang='grc' dir='ltr'>ντέ</span> <span class='ocrx_word' id='word_1_122' title='bbox 967 1932 1067 1999; x_wconf 84' lang='grc' dir='ltr'>Φόνω</span> <span class='ocrx_word' id='word_1_123' title='bbox 1090 1931 1122 2013; x_wconf 79' lang='grc'>*)</span> <span class='ocrx_word' id='word_1_124' title='bbox 1144 1936 1201 1997; x_wconf 86' lang='grc' dir='ltr'>καί</span> <span class='ocrx_word' id='word_1_125' title='bbox 1225 1935 1317 2016; x_wconf 87' lang='grc' dir='ltr'>βασι-</span> 
     </span>
     <span class='ocr_line' id='line_1_14' title="bbox 48 2055 1316 2146; baseline 0 -24"><span class='ocrx_word' id='word_1_126' title='bbox 48 2061 122 2146; x_wconf 74' lang='grc' dir='ltr'>λικῇ</span> <span class='ocrx_word' id='word_1_127' title='bbox 148 2057 274 2144; x_wconf 73' lang='grc' dir='ltr'>ἐξουσία</span> <span class='ocrx_word' id='word_1_128' title='bbox 297 2063 442 2146; x_wconf 89' lang='grc' dir='ltr'>νοταρίου</span> <span class='ocrx_word' id='word_1_129' title='bbox 465 2062 521 2125; x_wconf 89' lang='grc' dir='ltr'>καί</span> <span class='ocrx_word' id='word_1_130' title='bbox 543 2058 772 2144; x_wconf 74' lang='grc' dir='ltr'>καντζελαρίου</span> <span class='ocrx_word' id='word_1_131' title='bbox 795 2067 850 2124; x_wconf 91' lang='grc' dir='ltr'>τοῦ</span> <span class='ocrx_word' id='word_1_132' title='bbox 872 2057 1043 2146; x_wconf 73' lang='grc' dir='ltr'>εἰρημένουΙ</span> <span class='ocrx_word' id='word_1_133' title='bbox 1061 2067 1158 2144; x_wconf 93' lang='grc' dir='ltr'>κυροῦ</span> <span class='ocrx_word' id='word_1_134' title='bbox 1183 2055 1316 2144; x_wconf 88' lang='grc' dir='ltr'>ἀποκρι-</span> 
     </span>
     <span class='ocr_line' id='line_1_15' title="bbox 48 2178 1314 2270; baseline 0.001 -25"><span class='ocrx_word' id='word_1_135' title='bbox 48 2189 171 2270; x_wconf 88' lang='grc' dir='ltr'>σιαρίυυ</span> <span class='ocrx_word' id='word_1_136' title='bbox 195 2187 251 2248; x_wconf 85' lang='grc' dir='ltr'>καὶ</span> <span class='ocrx_word' id='word_1_137' title='bbox 276 2181 323 2246; x_wconf 86' lang='grc' dir='ltr'>έτι</span> <span class='ocrx_word' id='word_1_138' title='bbox 346 2180 378 2246; x_wconf 81' lang='grc' dir='ltr'>ἐν</span> <span class='ocrx_word' id='word_1_139' title='bbox 402 2193 441 2270; x_wconf 75' lang='grc' dir='ltr'>τη</span> <span class='ocrx_word' id='word_1_140' title='bbox 465 2178 549 2269; x_wconf 79' lang='grc' dir='ltr'>αόλή</span> <span class='ocrx_word' id='word_1_141' title='bbox 572 2193 632 2249; x_wconf 86' lang='grc' dir='ltr'>τῦν</span> <span class='ocrx_word' id='word_1_142' title='bbox 655 2181 830 2249; x_wconf 86' lang='grc' dir='ltr'>Βενετίκων</span> <span class='ocrx_word' id='word_1_143' title='bbox 856 2180 888 2246; x_wconf 83' lang='grc' dir='ltr'>έν</span> <span class='ocrx_word' id='word_1_144' title='bbox 912 2193 951 2269; x_wconf 81' lang='grc' dir='ltr'>τη</span> <span class='ocrx_word' id='word_1_145' title='bbox 973 2180 1314 2258; x_wconf 85' lang='grc' dir='ltr'>Κωνσταντινουπόλει,</span> 
     </span>
     <span class='ocr_line' id='line_1_16' title="bbox 48 2303 1318 2395; baseline 0.001 -25"><span class='ocrx_word' id='word_1_146' title='bbox 48 2311 102 2371; x_wconf 83' lang='grc' dir='ltr'>καὶ</span> <span class='ocrx_word' id='word_1_147' title='bbox 128 2307 172 2380; x_wconf 81' lang='grc' dir='ltr'>εἰς</span> <span class='ocrx_word' id='word_1_148' title='bbox 197 2311 329 2394; x_wconf 71' lang='grc' dir='ltr'>μείζονα</span> <span class='ocrx_word' id='word_1_149' title='bbox 353 2303 532 2395; x_wconf 82' lang='grc' dir='ltr'>ἀσφάλειαν</span> <span class='ocrx_word' id='word_1_150' title='bbox 556 2309 613 2372; x_wconf 87' lang='grc' dir='ltr'>καί</span> <span class='ocrx_word' id='word_1_151' title='bbox 636 2307 808 2391; x_wconf 85' lang='grc' dir='ltr'>βεβαίωσιν</span> <span class='ocrx_word' id='word_1_152' title='bbox 832 2317 892 2373; x_wconf 86' lang='grc' dir='ltr'>τῦν</span> <span class='ocrx_word' id='word_1_153' title='bbox 917 2305 1089 2393; x_wconf 74' lang='grc' dir='ltr'>εἰρημένων</span> <span class='ocrx_word' id='word_1_154' title='bbox 1112 2307 1228 2393; x_wconf 85' lang='grc' dir='ltr'>τρεβῦν</span> <span class='ocrx_word' id='word_1_155' title='bbox 1251 2305 1318 2391; x_wconf 73' lang='grc' dir='ltr'>ἰδίη</span> 
     </span>
     <span class='ocr_line' id='line_1_17' title="bbox 47 2427 1316 2518; baseline 0 -22"><span class='ocrx_word' id='word_1_156' title='bbox 47 2428 134 2516; x_wconf 72' lang='grc' dir='ltr'>ἡμῶν</span> <span class='ocrx_word' id='word_1_157' title='bbox 151 2435 234 2518; x_wconf 86' lang='grc' dir='ltr'>χειρί</span> <span class='ocrx_word' id='word_1_158' title='bbox 258 2429 405 2517; x_wconf 79' lang='grc' dir='ltr'>δροθροίς</span> <span class='ocrx_word' id='word_1_159' title='bbox 429 2434 611 2518; x_wconf 79' lang='grc' dir='ltr'>γράμμασιν</span> <span class='ocrx_word' id='word_1_160' title='bbox 634 2427 858 2518; x_wconf 79' lang='grc' dir='ltr'>ἀπιγροίψαμεν</span> <span class='ocrx_word' id='word_1_161' title='bbox 874 2435 930 2496; x_wconf 85' lang='grc' dir='ltr'>καί</span> <span class='ocrx_word' id='word_1_162' title='bbox 944 2428 1083 2518; x_wconf 77' lang='grc' dir='ltr'>ήμετέρη</span> <span class='ocrx_word' id='word_1_163' title='bbox 1099 2442 1208 2518; x_wconf 80' lang='grc' dir='ltr'>χροση</span> <span class='ocrx_word' id='word_1_164' title='bbox 1221 2432 1316 2516; x_wconf 87' lang='grc' dir='ltr'>βοῦλ-</span> 
     </span>
     <span class='ocr_line' id='line_1_18' title="bbox 47 2552 1314 2643; baseline 0.002 -27"><span class='ocrx_word' id='word_1_165' title='bbox 47 2555 86 2640; x_wconf 83' lang='grc' dir='ltr'>λη</span> <span class='ocrx_word' id='word_1_166' title='bbox 109 2553 325 2643; x_wconf 84' lang='grc' dir='ltr'>ἀπηωρημένῃ</span> <span class='ocrx_word' id='word_1_167' title='bbox 349 2556 619 2642; x_wconf 86' lang='grc' dir='ltr'>κατοχυρωθῆναι</span> <span class='ocrx_word' id='word_1_168' title='bbox 642 2552 837 2642; x_wconf 72' lang='grc' dir='ltr'>ἐποιήσαμεν</span> <span class='ocrx_word' id='word_1_169' title='bbox 861 2559 917 2622; x_wconf 85' lang='grc' dir='ltr'>καὶ</span> <span class='ocrx_word' id='word_1_170' title='bbox 939 2556 1188 2642; x_wconf 73' lang='grc' dir='ltr'>προσεπαίξαμεν,</span> <span class='ocrx_word' id='word_1_171' title='bbox 1214 2555 1252 2629; x_wconf 85' lang='grc' dir='ltr'>ἀς</span> <span class='ocrx_word' id='word_1_172' title='bbox 1272 2554 1314 2640; x_wconf 78' lang='grc' dir='ltr'>τῷ</span> 
     </span>
     <span class='ocr_line' id='line_1_19' title="bbox 48 2677 1315 2768; baseline 0.002 -27"><span class='ocrx_word' id='word_1_173' title='bbox 48 2683 262 2766; x_wconf 80' lang='grc' dir='ltr'>προειρημένῳ</span> <span class='ocrx_word' id='word_1_174' title='bbox 287 2677 530 2766; x_wconf 84' lang='grc' dir='ltr'>ἀποκρισιαρίιρ,</span> <span class='ocrx_word' id='word_1_175' title='bbox 567 2679 702 2765; x_wconf 82' lang='grc' dir='ltr'>σονδίκιρ</span> <span class='ocrx_word' id='word_1_176' title='bbox 725 2683 781 2744; x_wconf 86' lang='grc' dir='ltr'>καί</span> <span class='ocrx_word' id='word_1_177' title='bbox 805 2677 959 2766; x_wconf 77' lang='grc' dir='ltr'>ἐπιτρόπῳ</span> <span class='ocrx_word' id='word_1_178' title='bbox 983 2680 1186 2768; x_wconf 90' lang='grc' dir='ltr'>δεδιίικαμεν,</span> <span class='ocrx_word' id='word_1_179' title='bbox 1223 2680 1315 2767; x_wconf 82' lang='grc' dir='ltr'>έχον-</span> 
     </span>
     <span class='ocr_line' id='line_1_20' title="bbox 47 2798 1316 2892; baseline 0.004 -28"><span class='ocrx_word' id='word_1_180' title='bbox 47 2824 92 2876; x_wconf 87' lang='grc' dir='ltr'>τες</span> <span class='ocrx_word' id='word_1_181' title='bbox 120 2801 192 2888; x_wconf 90' lang='grc' dir='ltr'>παρ’</span> <span class='ocrx_word' id='word_1_182' title='bbox 220 2799 293 2889; x_wconf 86' lang='grc' dir='ltr'>ήμῖν</span> <span class='ocrx_word' id='word_1_183' title='bbox 324 2801 433 2889; x_wconf 85' lang='grc' dir='ltr'>ἑτέρας</span> <span class='ocrx_word' id='word_1_184' title='bbox 464 2798 578 2888; x_wconf 78' lang='grc' dir='ltr'>ὁμοίας</span> <span class='ocrx_word' id='word_1_185' title='bbox 611 2804 725 2889; x_wconf 82' lang='grc' dir='ltr'>τρέβας</span> <span class='ocrx_word' id='word_1_186' title='bbox 760 2804 816 2891; x_wconf 86' lang='grc' dir='ltr'>τήν</span> <span class='ocrx_word' id='word_1_187' title='bbox 845 2801 941 2892; x_wconf 83' lang='grc' dir='ltr'>αόπήν</span> <span class='ocrx_word' id='word_1_188' title='bbox 975 2805 1141 2892; x_wconf 77' lang='grc' dir='ltr'>περίληψιν</span> <span class='ocrx_word' id='word_1_189' title='bbox 1177 2801 1316 2890; x_wconf 80' lang='grc' dir='ltr'>έχοόσας</span> 
     </span>
     <span class='ocr_line' id='line_1_21' title="bbox 47 2925 1313 3016; baseline 0.006 -29"><span class='ocrx_word' id='word_1_190' title='bbox 47 2929 99 2988; x_wconf 83' lang='grc' dir='ltr'>καὶ</span> <span class='ocrx_word' id='word_1_191' title='bbox 125 2929 401 3012; x_wconf 84' lang='grc' dir='ltr'>κατωχυρωμένας</span> <span class='ocrx_word' id='word_1_192' title='bbox 429 2936 485 2992; x_wconf 86' lang='grc' dir='ltr'>τοῦ</span> <span class='ocrx_word' id='word_1_193' title='bbox 512 2931 702 3013; x_wconf 90' lang='grc' dir='ltr'>κουμοονίου</span> <span class='ocrx_word' id='word_1_194' title='bbox 725 2925 875 3001; x_wconf 87' lang='grc' dir='ltr'>Βενετίας</span> <span class='ocrx_word' id='word_1_195' title='bbox 902 2931 958 2992; x_wconf 84' lang='grc' dir='ltr'>καί</span> <span class='ocrx_word' id='word_1_196' title='bbox 986 2938 1042 2994; x_wconf 92' lang='grc' dir='ltr'>τοῦ</span> <span class='ocrx_word' id='word_1_197' title='bbox 1067 2927 1232 3016; x_wconf 83' lang='grc' dir='ltr'>είρημένοο</span> <span class='ocrx_word' id='word_1_198' title='bbox 1255 2949 1313 2994; x_wconf 92' lang='grc' dir='ltr'>κο-</span> 
     </span>
     <span class='ocr_line' id='line_1_22' title="bbox 50 3047 1314 3139; baseline 0.004 -27"><span class='ocrx_word' id='word_1_199' title='bbox 50 3059 99 3132; x_wconf 88' lang='grc' dir='ltr'>ροῦ</span> <span class='ocrx_word' id='word_1_200' title='bbox 124 3049 365 3137; x_wconf 89' lang='grc' dir='ltr'>ἀποκρισιαρίοο</span> <span class='ocrx_word' id='word_1_201' title='bbox 388 3047 446 3115; x_wconf 85' lang='grc' dir='ltr'>καί</span> <span class='ocrx_word' id='word_1_202' title='bbox 469 3051 618 3116; x_wconf 88' lang='grc' dir='ltr'>σονδίκου</span> <span class='ocrx_word' id='word_1_203' title='bbox 643 3052 764 3138; x_wconf 89' lang='grc' dir='ltr'>βοῦλλη</span> <span class='ocrx_word' id='word_1_204' title='bbox 788 3056 918 3138; x_wconf 84' lang='grc' dir='ltr'>κηρίνη,</span> <span class='ocrx_word' id='word_1_205' title='bbox 947 3061 1003 3139; x_wconf 81' lang='grc' dir='ltr'>τῆς</span> <span class='ocrx_word' id='word_1_206' title='bbox 1026 3060 1082 3117; x_wconf 84' lang='grc' dir='ltr'>τοῦ</span> <span class='ocrx_word' id='word_1_207' title='bbox 1106 3048 1198 3130; x_wconf 80' lang='grc' dir='ltr'>ἁγίου</span> <span class='ocrx_word' id='word_1_208' title='bbox 1221 3051 1314 3139; x_wconf 85' lang='grc' dir='ltr'>Μάρ-</span> 
     </span>
     <span class='ocr_line' id='line_1_23' title="bbox 50 3171 1314 3262; baseline 0.004 -27"><span class='ocrx_word' id='word_1_209' title='bbox 50 3193 104 3236; x_wconf 87' lang='grc' dir='ltr'>κου</span> <span class='ocrx_word' id='word_1_210' title='bbox 131 3173 254 3246; x_wconf 81' lang='grc' dir='ltr'>εἰκόνος</span> <span class='ocrx_word' id='word_1_211' title='bbox 282 3171 549 3261; x_wconf 83' lang='grc' dir='ltr'>έντετοπωμένης,</span> <span class='ocrx_word' id='word_1_212' title='bbox 579 3173 600 3239; x_wconf 84' lang='grc' dir='ltr'>ἀ</span> <span class='ocrx_word' id='word_1_213' title='bbox 623 3175 662 3262; x_wconf 91' lang='grc' dir='ltr'>δή</span> <span class='ocrx_word' id='word_1_214' title='bbox 685 3178 789 3240; x_wconf 81' lang='grc' dir='ltr'>πάντα</span> <span class='ocrx_word' id='word_1_215' title='bbox 820 3179 876 3240; x_wconf 84' lang='grc' dir='ltr'>καί</span> <span class='ocrx_word' id='word_1_216' title='bbox 898 3171 1023 3240; x_wconf 73' lang='grc' dir='ltr'>ἕκαστα</span> <span class='ocrx_word' id='word_1_217' title='bbox 1046 3178 1086 3240; x_wconf 86' lang='grc' dir='ltr'>τὰ</span> <span class='ocrx_word' id='word_1_218' title='bbox 1110 3172 1314 3262; x_wconf 86' lang='grc' dir='ltr'>ἀναγεγραμ·</span> 
     </span>
     <span class='ocr_line' id='line_1_24' title="bbox 51 3296 1316 3385; baseline 0.002 -25"><span class='ocrx_word' id='word_1_219' title='bbox 51 3301 126 3379; x_wconf 89' lang='grc' dir='ltr'>μένα</span> <span class='ocrx_word' id='word_1_220' title='bbox 164 3296 308 3376; x_wconf 78' lang='grc' dir='ltr'>ἐγένοντο</span> <span class='ocrx_word' id='word_1_221' title='bbox 349 3297 445 3363; x_wconf 81' lang='grc' dir='ltr'>ἔτει</span> <span class='ocrx_word' id='word_1_222' title='bbox 489 3296 572 3363; x_wconf 86' lang='grc' dir='ltr'>ἀπό</span> <span class='ocrx_word' id='word_1_223' title='bbox 616 3307 694 3385; x_wconf 80' lang='grc' dir='ltr'>τῆς</span> <span class='ocrx_word' id='word_1_224' title='bbox 733 3307 811 3364; x_wconf 91' lang='grc' dir='ltr'>τοῦ</span> <span class='ocrx_word' id='word_1_225' title='bbox 848 3303 1014 3385; x_wconf 93' lang='grc' dir='ltr'>κυρίου</span> <span class='ocrx_word' id='word_1_226' title='bbox 1053 3302 1316 3385; x_wconf 75' lang='grc' dir='ltr'>γεννήσεως</span> 
     </span>
     <span class='ocr_line' id='line_1_25' title="bbox 51 3422 1313 3511; baseline 0.002 -25"><span class='ocrx_word' id='word_1_227' title='bbox 51 3423 273 3510; x_wconf 76' lang='grc' dir='ltr'>χιλιοστῷ</span> <span class='ocrx_word' id='word_1_228' title='bbox 310 3422 699 3511; x_wconf 74' lang='grc' dir='ltr'>τετρακοσιοστῷ</span> <span class='ocrx_word' id='word_1_229' title='bbox 736 3423 1000 3511; x_wconf 77' lang='grc' dir='ltr'>τριακοστῷ</span> <span class='ocrx_word' id='word_1_230' title='bbox 1036 3429 1209 3510; x_wconf 78' lang='grc' dir='ltr'>πρώτῳ,</span> <span class='ocrx_word' id='word_1_231' title='bbox 1254 3423 1313 3489; x_wconf 86' lang='grc' dir='ltr'>ίν·</span> 
     </span>
     <span class='ocr_line' id='line_1_26' title="bbox 52 3543 1315 3635; baseline 0.003 -26"><span class='ocrx_word' id='word_1_232' title='bbox 52 3547 300 3620; x_wconf 83' lang='grc' dir='ltr'>δικπιωνος</span> <span class='ocrx_word' id='word_1_233' title='bbox 335 3546 376 3618; x_wconf 89' lang='grc' dir='ltr'>θ’.</span> <span class='ocrx_word' id='word_1_234' title='bbox 410 3543 652 3634; x_wconf 63' lang='grc' dir='ltr'>ήμέρορτιςΙ</span> <span class='ocrx_word' id='word_1_235' title='bbox 686 3558 763 3614; x_wconf 86' lang='grc' dir='ltr'>τοῦ</span> <span class='ocrx_word' id='word_1_236' title='bbox 799 3545 1090 3635; x_wconf 84' lang='grc' dir='ltr'>μαΐουκατά</span> <span class='ocrx_word' id='word_1_237' title='bbox 1124 3552 1315 3615; x_wconf 82' lang='grc' dir='ltr'>πόντων</span> 
     </span>
     <span class='ocr_line' id='line_1_27' title="bbox 51 3669 1313 3761; baseline 0.003 -25"><span class='ocrx_word' id='word_1_238' title='bbox 51 3669 253 3737; x_wconf 84' lang='grc' dir='ltr'>Λατίνων</span> <span class='ocrx_word' id='word_1_239' title='bbox 287 3673 476 3760; x_wconf 83' lang='grc' dir='ltr'>δρόμον,</span> <span class='ocrx_word' id='word_1_240' title='bbox 513 3670 597 3738; x_wconf 84' lang='grc' dir='ltr'>ἀπό</span> <span class='ocrx_word' id='word_1_241' title='bbox 631 3673 678 3738; x_wconf 83' lang='grc' dir='ltr'>δέ</span> <span class='ocrx_word' id='word_1_242' title='bbox 712 3678 912 3748; x_wconf 88' lang='grc' dir='ltr'>κτίσεως</span> <span class='ocrx_word' id='word_1_243' title='bbox 946 3678 1126 3761; x_wconf 88' lang='grc' dir='ltr'>κόσμου</span> <span class='ocrx_word' id='word_1_244' title='bbox 1160 3673 1313 3752; x_wconf 75' lang='grc' dir='ltr'>ἑξακι-</span> 
     </span>
     <span class='ocr_line' id='line_1_28' title="bbox 53 3795 1313 3885; baseline 0.006 -29"><span class='ocrx_word' id='word_1_245' title='bbox 53 3795 302 3882; x_wconf 79' lang='grc' dir='ltr'>σχιλιοστῷ</span> <span class='ocrx_word' id='word_1_246' title='bbox 354 3797 680 3882; x_wconf 80' lang='grc' dir='ltr'>ένακυσιοστῴ</span> <span class='ocrx_word' id='word_1_247' title='bbox 726 3798 990 3885; x_wconf 73' lang='grc' dir='ltr'>τριακοστῷ</span> <span class='ocrx_word' id='word_1_248' title='bbox 1037 3796 1196 3884; x_wconf 77' lang='grc' dir='ltr'>ἐνάτη,</span> <span class='ocrx_word' id='word_1_249' title='bbox 1253 3799 1313 3864; x_wconf 84' lang='grc' dir='ltr'>ίν-</span> 
     </span>
     <span class='ocr_line' id='line_1_29' title="bbox 52 3916 1312 4009; baseline 0.005 -29"><span class='ocrx_word' id='word_1_250' title='bbox 52 3917 295 3994; x_wconf 85' lang='grc' dir='ltr'>δικτιῶνσς</span> <span class='ocrx_word' id='word_1_251' title='bbox 324 3921 365 3999; x_wconf 90' lang='grc' dir='ltr'>θ’,</span> <span class='ocrx_word' id='word_1_252' title='bbox 394 3918 427 3986; x_wconf 82' lang='grc' dir='ltr'>ἐν</span> <span class='ocrx_word' id='word_1_253' title='bbox 452 3924 526 4008; x_wconf 90' lang='grc' dir='ltr'>μηνί</span> <span class='ocrx_word' id='word_1_254' title='bbox 548 3925 603 3984; x_wconf 88' lang='grc' dir='ltr'>καί</span> <span class='ocrx_word' id='word_1_255' title='bbox 626 3916 731 4008; x_wconf 73' lang='grc' dir='ltr'>ἡμέρα</span> <span class='ocrx_word' id='word_1_256' title='bbox 754 3931 793 4009; x_wconf 80' lang='grc' dir='ltr'>τῇ</span> <span class='ocrx_word' id='word_1_257' title='bbox 818 3919 961 4008; x_wconf 85' lang='grc' dir='ltr'>ἀνωτέρω</span> <span class='ocrx_word' id='word_1_258' title='bbox 985 3926 1204 4008; x_wconf 76' lang='grc' dir='ltr'>γεγραμμένη,</span> <span class='ocrx_word' id='word_1_259' title='bbox 1229 3943 1312 4009; x_wconf 79' lang='grc' dir='ltr'>παρ-</span> 
     </span>
     <span class='ocr_line' id='line_1_30' title="bbox 53 4013 1311 4134; baseline 0.006 -30"><span class='ocrx_word' id='word_1_260' title='bbox 53 4046 140 4108; x_wconf 81' lang='grc' dir='ltr'>όντων</span> <span class='ocrx_word' id='word_1_261' title='bbox 168 4045 332 4132; x_wconf 77' lang='grc' dir='ltr'>μαρτύρων</span> <span class='ocrx_word' id='word_1_262' title='bbox 363 4043 451 4118; x_wconf 84' lang='grc' dir='ltr'>ίδίως</span> <span class='ocrx_word' id='word_1_263' title='bbox 482 4013 559 4131; x_wconf 78' lang='grc' dir='ltr'>πρὸς</span> <span class='ocrx_word' id='word_1_264' title='bbox 590 4054 690 4110; x_wconf 91' lang='grc' dir='ltr'>ταῦτα</span> <span class='ocrx_word' id='word_1_265' title='bbox 726 4047 765 4110; x_wconf 86' lang='grc' dir='ltr'>τά</span> <span class='ocrx_word' id='word_1_266' title='bbox 797 4043 942 4132; x_wconf 83' lang='grc' dir='ltr'>ἀνωτέρω</span> <span class='ocrx_word' id='word_1_267' title='bbox 977 4050 1182 4134; x_wconf 84' lang='grc' dir='ltr'>γεγραμμένα</span> <span class='ocrx_word' id='word_1_268' title='bbox 1212 4069 1311 4134; x_wconf 88' lang='grc' dir='ltr'>προσ-</span> 
     </span>
     <span class='ocr_line' id='line_1_31' title="bbox 53 4168 1312 4258; baseline 0.006 -28"><span class='ocrx_word' id='word_1_269' title='bbox 53 4169 229 4254; x_wconf 88' lang='grc' dir='ltr'>κληθέντων</span> <span class='ocrx_word' id='word_1_270' title='bbox 263 4168 320 4234; x_wconf 76' lang='grc' dir='ltr'>καί</span> <span class='ocrx_word' id='word_1_271' title='bbox 355 4168 553 4245; x_wconf 72' lang='grc' dir='ltr'>ἀξιωθέντων</span> <span class='ocrx_word' id='word_1_272' title='bbox 588 4177 643 4234; x_wconf 89' lang='grc' dir='ltr'>τοῦ</span> <span class='ocrx_word' id='word_1_273' title='bbox 672 4191 705 4234; x_wconf 88' lang='grc' dir='ltr'>τε</span> <span class='ocrx_word' id='word_1_274' title='bbox 734 4169 854 4236; x_wconf 75' lang='grc' dir='ltr'>οἰκείου</span> <span class='ocrx_word' id='word_1_275' title='bbox 882 4181 921 4258; x_wconf 83' lang='grc' dir='ltr'>πή</span> <span class='ocrx_word' id='word_1_276' title='bbox 950 4171 1096 4256; x_wconf 76' lang='grc' dir='ltr'>βασιλεία</span> <span class='ocrx_word' id='word_1_277' title='bbox 1125 4193 1185 4257; x_wconf 91' lang='grc' dir='ltr'>μου</span> <span class='ocrx_word' id='word_1_278' title='bbox 1213 4179 1312 4256; x_wconf 91' lang='grc' dir='ltr'>κυροῦ</span> 
     </span>
     <span class='ocr_line' id='line_1_32' title="bbox 54 4290 1311 4385; baseline 0.003 -28"><span class='ocrx_word' id='word_1_279' title='bbox 54 4291 223 4380; x_wconf 79' lang='grc' dir='ltr'>όημητρίου</span> <span class='ocrx_word' id='word_1_280' title='bbox 248 4302 304 4358; x_wconf 91' lang='grc' dir='ltr'>τοῦ</span> <span class='ocrx_word' id='word_1_281' title='bbox 326 4291 492 4381; x_wconf 81' lang='grc' dir='ltr'>Λεοντόρη</span> <span class='ocrx_word' id='word_1_282' title='bbox 523 4297 580 4359; x_wconf 82' lang='grc' dir='ltr'>καί</span> <span class='ocrx_word' id='word_1_283' title='bbox 607 4303 661 4360; x_wconf 91' lang='grc' dir='ltr'>τοῦ</span> <span class='ocrx_word' id='word_1_284' title='bbox 684 4296 902 4382; x_wconf 86' lang='grc' dir='ltr'>περιποθήτου</span> <span class='ocrx_word' id='word_1_285' title='bbox 933 4293 1106 4384; x_wconf 73' lang='grc' dir='ltr'>όξαδέλρου</span> <span class='ocrx_word' id='word_1_286' title='bbox 1130 4290 1227 4385; x_wconf 78' lang='grc' dir='ltr'>αὐτῆς</span> <span class='ocrx_word' id='word_1_287' title='bbox 1251 4317 1311 4361; x_wconf 88' lang='grc' dir='ltr'>κυ-</span> 
     </span>
     <span class='ocr_line' id='line_1_33' title="bbox 55 4417 1310 4509; baseline 0.007 -30"><span class='ocrx_word' id='word_1_288' title='bbox 55 4425 102 4499; x_wconf 83' lang='grc' dir='ltr'>μοῦ</span> <span class='ocrx_word' id='word_1_289' title='bbox 127 4418 307 4507; x_wconf 82' lang='grc' dir='ltr'>Δημητρίου</span> <span class='ocrx_word' id='word_1_290' title='bbox 335 4417 563 4499; x_wconf 86' lang='grc' dir='ltr'>Παλαιολόγου</span> <span class='ocrx_word' id='word_1_291' title='bbox 591 4427 645 4484; x_wconf 89' lang='grc' dir='ltr'>τοῦ</span> <span class='ocrx_word' id='word_1_292' title='bbox 668 4417 939 4508; x_wconf 73' lang='grc' dir='ltr'>Κανπακοοζηνοῦ</span> <span class='ocrx_word' id='word_1_293' title='bbox 962 4424 1018 4484; x_wconf 86' lang='grc' dir='ltr'>καί</span> <span class='ocrx_word' id='word_1_294' title='bbox 1046 4429 1101 4486; x_wconf 90' lang='grc' dir='ltr'>τοῦ</span> <span class='ocrx_word' id='word_1_295' title='bbox 1129 4424 1310 4509; x_wconf 88' lang='grc' dir='ltr'>περιποθή-</span> 
     </span>
    </p>
   </div>
   <div class='ocr_carea' id='block_1_3' title="bbox 56 4511 1310 4632">
    <p class='ocr_par' dir='ltr' id='par_1_3' title="bbox 56 4511 1310 4632">
     <span class='ocr_line' id='line_1_34' title="bbox 56 4511 1310 4632; baseline 0.009 -30"><span class='ocrx_word' id='word_1_296' title='bbox 56 4561 101 4604; x_wconf 84' lang='grc' dir='ltr'>του</span> <span class='ocrx_word' id='word_1_297' title='bbox 124 4545 266 4629; x_wconf 89' lang='grc' dir='ltr'>γαμβροῦ</span> <span class='ocrx_word' id='word_1_298' title='bbox 292 4539 389 4630; x_wconf 75' lang='grc' dir='ltr'>αὐτῆς</span> <span class='ocrx_word' id='word_1_299' title='bbox 416 4552 513 4629; x_wconf 89' lang='grc' dir='ltr'>κυροῦ</span> <span class='ocrx_word' id='word_1_300' title='bbox 536 4541 650 4610; x_wconf 81' lang='grc' dir='ltr'>Λουκᾶ</span> <span class='ocrx_word' id='word_1_301' title='bbox 673 4511 805 4629; x_wconf 81' lang='grc' dir='ltr'>Νοταρᾱ</span> <span class='ocrx_word' id='word_1_302' title='bbox 829 4551 884 4608; x_wconf 91' lang='grc' dir='ltr'>τοῦ</span> <span class='ocrx_word' id='word_1_303' title='bbox 907 4543 1143 4632; x_wconf 90' lang='grc' dir='ltr'>διερμηνευτοῦ,</span> <span class='ocrx_word' id='word_1_304' title='bbox 1167 4543 1310 4613; x_wconf 83' lang='grc' dir='ltr'>Λατίνων</span> 
     </span>
    </p>
   </div>
   <div class='ocr_carea' id='block_1_4' title="bbox 98 4805 1122 4878">
    <p class='ocr_par' dir='ltr' id='par_1_4' title="bbox 98 4805 1122 4878">
     <span class='ocr_line' id='line_1_35' title="bbox 98 4805 1122 4878; baseline 0.003 -18"><span class='ocrx_word' id='word_1_305' title='bbox 98 4808 124 4874; x_wconf 77' lang='grc'>*)</span> <span class='ocrx_word' id='word_1_306' title='bbox 145 4809 235 4864; x_wconf 75' lang='lat' dir='ltr'><strong>versio</strong></span> <span class='ocrx_word' id='word_1_307' title='bbox 253 4809 339 4864; x_wconf 80' lang='grc' dir='ltr'>ίοίίιιε</span> <span class='ocrx_word' id='word_1_308' title='bbox 357 4807 450 4863; x_wconf 72' lang='lat' dir='ltr'><strong>habet:</strong></span> <span class='ocrx_word' id='word_1_309' title='bbox 470 4806 504 4862; x_wconf 82' lang='grc' dir='ltr'>δε</span> <span class='ocrx_word' id='word_1_310' title='bbox 521 4805 680 4877; x_wconf 74' lang='lat' dir='ltr'><strong>Martinotijs</strong></span> <span class='ocrx_word' id='word_1_311' title='bbox 699 4808 830 4878; x_wconf 74' lang='lat' dir='ltr'><strong>quondam</strong></span> <span class='ocrx_word' id='word_1_312' title='bbox 849 4807 970 4866; x_wconf 80' lang='grc' dir='ltr'>ῦείεοοθ</span> <span class='ocrx_word' id='word_1_313' title='bbox 989 4809 1021 4867; x_wconf 81' lang='lat' dir='ltr'>de</span> <span class='ocrx_word' id='word_1_314' title='bbox 1039 4811 1122 4867; x_wconf 70' lang='lat' dir='ltr'><strong>Fano.</strong></span> 
     </span>
    </p>
   </div>
   <div class='ocr_carea' id='block_1_5' title="bbox 0 0 1583 5268">
    <p class='ocr_par' dir='ltr' id='par_1_5' title="bbox 0 0 1583 5268">
     <span class='ocr_line' id='line_1_36' title="bbox 0 0 1583 5268; baseline 0 0"><span class='ocrx_word' id='word_1_315' title='bbox 0 0 1583 5268; x_wconf 95' lang='lat' dir='ltr'> </span> 
     </span>
    </p>
   </div>
  </div>
 </body>
</html>
