3132 5268
1237 329 1299 394 191

51 525 77 586 τί
109 521 261 590 ἀνάπαλιν
295 527 351 588 καί
378 521 564 611 σωζομένων
597 523 745 612 δηλονότι
778 527 835 589 καί
868 521 1109 611 φυλαττομένων
1144 519 1302 608 ἀκεραίως

48 653 93 712 καί
114 647 154 734 τῴ
175 648 263 734 κυριρ
285 650 375 714 δουκί
398 653 454 714 καί
477 649 520 736 περ
542 655 719 736 κυυμουνίιρ
744 647 893 722 Βενετίας
927 651 1049 713 πάντων
1079 657 1138 712 τῶν
1171 648 1302 712 δικαίων

48 777 94 835 καί
119 771 266 852 ἀγωγῶν,
302 773 385 859 ἀδη
414 775 470 836 καί
494 771 532 846 ἀς
557 769 573 836 δ
597 781 656 858 κῡρ
691 772 765 848 δυύζ
799 776 856 836 καί
879 774 914 836 τά
943 773 1132 857 κουμοίενιον
1155 770 1302 844 Βενετίας

50 895 147 980 ἔχουσι
174 899 232 962 καί
260 895 349 983 έχειν
384 897 572 983 δυνήσονται
606 895 685 962 καθ’
719 891 808 983 ἡμῶν
836 895 893 962 καί
927 907 982 985 της
1017 898 1180 980 βασιλείας
1214 893 1302 983 ἡμῶν

49 1021 74 1084 έν
101 1041 156 1086 τινι
193 1023 378 1109 σομβολαίιρ
412 1023 575 1086 δουκάτων
610 1031 736 1109 χρυσῶν
771 1024 942 1108 τριάκοντα
976 1021 1130 1108 χιλιάδων
1165 1025 1235 1108 περί
1269 1043 1302 1085 τε

48 1146 212 1232 κεφαλαίου
246 1150 302 1210 καί
336 1149 433 1210 τόκου
466 1149 522 1210 καί
557 1150 676 1232 ζημιῶν
704 1149 760 1210 καί
791 1143 900 1220 έζόδου
931 1149 986 1210 καί
1020 1155 1080 1210 τῶν
1114 1145 1168 1210 διὰ
1204 1142 1302 1230 μέσου

48 1273 92 1331 καί
112 1272 236 1334 πάντων
265 1279 324 1334 τῶν
353 1267 459 1334 ἀλλων
486 1279 546 1334 τῶν
580 1271 702 1342 τούτοις
730 1266 983 1356 ἀπηωρημένων,
1018 1266 1061 1341 ῶς
1090 1266 1122 1332 έν
1150 1267 1193 1355 τῷ
1220 1265 1304 1354 αὐτῷ
1383 1349 1386 1356 γ

49 1393 219 1478 συμβολαίου
250 1401 305 1458 τοῦ
339 1397 454 1480 χρέους
486 1397 684 1480 περιέχεται,
721 1392 738 1456 δ
766 1393 805 1478 δη
835 1393 1028 1478 συμβόλαιον
1057 1395 1113 1456 καί
1140 1395 1234 1478 χρέος
1259 1392 1300 1476 μη

48 1519 171 1580 νοείσθω
200 1518 283 1604 μηδέ
311 1519 457 1620 νοεῖσθαι
485 1517 612 1581 δύναιτο
640 1516 693 1580 διὰ
721 1516 776 1601 τήν
802 1523 965 1600 παροῦσαν
989 1515 1102 1600 τρέβαν
1125 1513 1145 1601 ἦ
1170 1535 1301 1602 συμφω-

48 1645 102 1706 νίαν
129 1639 274 1708 ὁπωσοῦν
295 1641 479 1732 ἀφειμένον,
514 1639 632 1728 ἀκυρον
655 1639 675 1728 ἤ
701 1639 992 1726 ἀνατετραμμένον,
1022 1639 1143 1726 μᾶλλον
1167 1643 1224 1726 μέν
1248 1635 1302 1703 οὖν

49 1764 73 1828 ἐν
94 1778 129 1852 τη
153 1763 251 1831 αὐτοῦ
285 1769 482 1832 καταστάσει
515 1769 571 1830 καί
606 1767 786 1851 βεβαιότητι
820 1769 877 1828 καί
904 1763 947 1850 τῷ
973 1763 1103 1849 δικαίῳ,
1138 1762 1171 1827 έν
1195 1761 1242 1836 οἷς
1264 1760 1303 1850 ὴν

48 1895 93 1952 καί
114 1893 173 1976 πρὸ
205 1899 260 1954 τοῦ
293 1892 446 1970 γενέσθαι
473 1891 528 1978 την
558 1899 722 1976 παροῦσαν
745 1891 869 1975 τρέβαν,
898 1889 1027 1972 βέβαιον
1062 1891 1123 1952 καί·
1152 1885 1303 1974 ἀκέραιον

48 2013 208 2099 διαμενέτω
232 2018 289 2078 καί
313 2013 403 2078 έσται
429 2017 486 2078 καί
510 2013 589 2079 εἶναι
622 2015 774 2094 νοείσθω,
810 2016 929 2101 γραφέν
958 2014 993 2076 τί
1022 2009 1189 2099 εἰρημένον
1220 2033 1301 2097 σομ-

48 2140 164 2220 βίλαιον
205 2139 270 2204 ἔτει
308 2139 460 2226 χιλιοστῴ
496 2141 729 2226 τριακοσιοστῷ
765 2140 1015 2226 τεσσαρακοστῷ
1053 2142 1159 2224 τρίτῳ,
1199 2133 1303 2225 ἡμέρη

47 2261 164 2350 εἰκοστῇ
203 2267 311 2350 πρώτη
350 2273 405 2328 τυδ
444 2259 621 2344 αἰνγοθοτου
660 2273 716 2351 τῆς
756 2262 797 2328 ια’
832 2261 1027 2336 ἰνδικτιῶνος
1065 2266 1147 2349 χειρί
1182 2259 1303 2347 Πέτρου

47 2391 86 2449 ντὲ
109 2387 238 2472 Ἀμένα,
262 2388 475 2474 πρεσβυτέρου
499 2397 555 2474 τῆς
580 2387 757 2475 ἐκκλησίας
779 2391 913 2452 καὶτοῦ
936 2385 1029 2467 ἁγίου
1051 2385 1304 2474 Βαρθολομαίυυ

47 2509 71 2572 ἐν
97 2525 133 2600 τη
161 2513 296 2598 Βενετίφ
326 2518 382 2578 καί
410 2513 555 2600 νοτπρίου
582 2513 731 2586 Βενετίας
765 2519 821 2578 καί
855 2515 1083 2600 καντζελαρίου
1117 2520 1172 2578 τοῦ
1206 2519 1304 2598 κυροῦ

48 2639 212 2720 μεαῐουλου
248 2648 308 2704 τῶν
344 2635 376 2703 έν
405 2637 736 2704 Κωνσταντινουπάλει
769 2636 958 2715 Βενετίκων,
994 2633 1070 2722 ὑπέρ
1104 2633 1146 2701 ὧν
1177 2645 1329 2723 χρυσῶν.

47 2759 198 2826 δουκάτων
234 2766 404 2848 τριάκοντα
438 2763 592 2850 χιλιάδων
620 2766 675 2826 καί
710 2759 822 2847 έτέρων
851 2772 911 2826 τῶν
938 2766 1173 2848 προειρημένων
1202 2759 1235 2824 ἐν
1264 2757 1306 2844 τῷ

48 2881 168 2972 ῥηθέντι
203 2889 389 2974 συμβολαίιμ
423 2889 728 2975 διαλαμβανομένων
760 2885 777 2951 δ
804 2896 864 2974 κῦρ
898 2887 972 2963 δυύζ
1006 2890 1062 2950 καί
1094 2888 1129 2950 τά
1164 2887 1304 2970 κουμοίι-

48 3035 102 3077 νιον
125 3015 273 3089 Βενετίας
302 3015 430 3101 ἔχουσιν
466 3014 511 3090 είς
539 3013 676 3100 ἐνέχυρα
703 3015 824 3100 κόσμια
859 3023 915 3099 τῆς
951 3013 1115 3096 βασιλείας
1144 3015 1183 3075 τὰ
1207 3008 1305 3098 ἐμπε-

48 3142 209 3224 ριεχόμενα
233 3138 265 3204 ἐν
289 3141 331 3224 τῷ
358 3135 489 3226 ῥηθέντι
513 3139 710 3224 συμβολαίιρ,
739 3142 795 3202 καί
827 3141 1012 3222 σωζομένων
1037 3133 1165 3200 ἀείκαὶ
1190 3157 1305 3222 τηρου·

49 3267 138 3344 μένων
167 3265 210 3350 τῲ
237 3265 324 3351 κυρῲ
351 3265 442 3328 δουκί
471 3269 526 3328 καί
553 3263 596 3350 τῷ
623 3268 801 3350 κυυμουνίιμ
824 3261 975 3336 Βενετίας
1000 3260 1159 3345 ἀκεραίως
1182 3264 1305 3326 πάντων

49 3397 100 3450 τῶν
133 3390 264 3453 δικαίων
298 3387 355 3452 καί
389 3385 537 3468 ἀγωγῶν,
574 3388 595 3452 ά
622 3388 661 3475 δη
690 3392 745 3453 καί
774 3387 812 3460 ἃς
841 3383 857 3451 δ
886 3395 946 3472 κῶρ
974 3386 1049 3461 δοίζ
1074 3389 1131 3450 καί
1162 3386 1197 3448 τό
1228 3405 1307 3448 κου-

49 3514 166 3594 μοίνιον
204 3512 354 3584 Βενετίας
394 3511 522 3599 έχουσιν
556 3535 575 3599 η
613 3512 698 3598 ἔχειν
737 3511 886 3576 δύνανται
923 3513 1007 3574 κατὰ
1046 3517 1101 3596 της
1141 3509 1306 3592 βασιλείας

48 3631 128 3721 ἡμῶν
153 3641 223 3723 περί
251 3637 414 3702 δουκάτων
450 3645 575 3722 χρυσῶν
607 3639 697 3699 πέντε
727 3635 881 3720 χιλιάδων
915 3643 975 3696 τῶν
1006 3633 1237 3698 δανεισθέντων
1269 3642 1307 3718 τῇ

49 3759 189 3846 βασιλεία
212 3758 302 3848 ἡμῶν
326 3758 359 3825 ἐν
383 3771 421 3847 τῇ
445 3758 529 3845 Αἴνῳ
553 3760 607 3822 διά
631 3779 712 3830 τινος
737 3759 792 3844 σύρ
816 3757 958 3843 Μαρίνυυ
982 3755 1148 3843 Φαρέτρυυ
1174 3754 1305 3842 ὀνόματι

50 3894 96 3948 τοῦ
129 3894 228 3972 κυροῦ
262 3885 378 3957 δουκός
412 3889 468 3948 καί
502 3892 557 3948 τοῦ
591 3887 781 3970 κυυμουνίυυ
815 3881 979 3959 Βενετίας,
1016 3879 1090 3968 ὑπὲρ
1125 3879 1167 3946 ὧν
1202 3879 1219 3946 δ
1247 3889 1306 3965 κῦρ

49 4009 116 4084 δοίξ
138 4013 194 4074 καί
222 4011 257 4074 τά
286 4011 475 4094 κουμοίνιυν
502 4007 653 4081 Βενετίας
682 4005 810 4093 ἔχουσιν
835 4005 879 4079 τίς
903 4008 1051 4094 ἐνέχυρον
1080 4004 1221 4092 ἀπάτης
1246 4007 1307 4090 βα·

51 4135 162 4208 τελείας
184 4128 274 4220 ἡμῶν
297 4133 450 4208 παλάξιυν
478 4133 526 4210 έν,
561 4127 642 4197 οὕτω
666 4137 787 4217 μέντοι,
823 4127 871 4194 δτι
894 4129 1144 4220 ἀπυφληθέντων
1176 4140 1236 4194 τῶν
1261 4129 1308 4194 εί·

51 4264 184 4344 ρημένων
212 4262 303 4323 πέντε
332 4257 485 4344 χιλιάδων
513 4257 676 4320 δουκάτων
711 4264 838 4342 χρυσῶν
872 4253 915 4341 τῷ
947 4254 1032 4341 κυρῲ
1068 4256 1159 4318 δουκί
1186 4257 1242 4318 καί
1271 4249 1313 4338 τῷ

51 4389 219 4469 κουμουνίιρ
243 4382 392 4455 Βενετίας
421 4379 644 4468 ένεχέσθωοαν
672 4382 707 4444 τά
731 4379 895 4466 είρημένον
923 4379 1075 4453 παλάίιον
1104 4389 1142 4465 τη
1170 4373 1310 4466 ἡμετέρα

52 4505 191 4592 βασιλεία
226 4505 409 4572 ἀποδοῦναι.
446 4504 493 4568 ἔτι
527 4501 544 4568 δ
584 4504 746 4592 είρημένος
780 4512 838 4588 κῦρ
874 4500 1125 4588 ἀποκρισιάριος,
1164 4501 1311 4574 σύνδικος

52 4635 100 4694 καί
135 4631 299 4718 ἐπίτροπος
334 4639 389 4695 τοῦ
424 4635 521 4715 κυροῶ
556 4629 672 4701 δουκὸς
706 4631 763 4690 καί
790 4634 845 4691 τοῦ
873 4630 1062 4713 κουμουνιίυ
1084 4625 1233 4700 Βενετίας
1257 4626 1311 4690 διὰ

52 4763 101 4844 της
130 4758 293 4846 παροίσης
322 4757 503 4842 συμφωνίας
533 4756 590 4818 καί
620 4753 733 4840 τρέβας
764 4748 907 4841 ἀφίησιν,
944 4748 1110 4841 ἀνατρέπει
1131 4755 1187 4818 καί
1210 4771 1312 4817 κατα·
1351 4765 1367 4786 ¹
