3132 5268
252 371 314 440 194

246 591 327 642 σεως
353 576 414 632 των
442 564 588 644 ἀθικιιῖν,
623 575 683 632 τῦν
710 569 966 654 προσκομμάτων
993 569 1049 630 καί
1079 575 1139 632 τῶν
1167 569 1288 653 ζημιῶν
1311 565 1354 652 μὴ
1378 567 1514 630 νοείσθω

246 696 333 758 κατά
359 715 387 756 τι
422 689 603 765 ἐλάττωσις.
640 689 720 777 ὅπερ
750 692 916 778 θηπάντσι
943 697 1000 755 καί
1027 689 1151 756 ἕκαστα
1179 695 1218 754 τά
1247 688 1514 776 ἀναγεγραμμένα

247 814 339 903 ἡμεῖς
362 813 380 880 ὁ
404 817 554 900 βασιλεῦς
581 819 638 880 καί
660 812 681 902 ἡ
706 815 855 898 βασιλεία
883 811 972 902 ἡμῶν
1001 811 1077 900 ὑπὲρ
1104 811 1194 903 ἡμῶν
1221 817 1277 878 παί
1304 823 1365 878 τῦν
1395 814 1514 899 κληρο-

245 944 348 1026 νόμων
376 944 433 1005 καί
456 939 618 1026 διαδόχων
646 936 737 1028 ἡμῶν
760 939 805 1012 εἰς
828 941 866 1004 τά
890 935 968 1019 ἀηια
992 948 1046 1003 τοῦ
1069 941 1151 1002 θεοῦ
1175 934 1364 1017 εὐαγγέλια,
1395 937 1441 1010 είς
1465 941 1513 1001 τὸν

245 1071 347 1152 τίμιον
380 1069 437 1130 καί
472 1065 625 1140 ίωοποιῦν
661 1065 808 1149 σταυρῦν,
844 1062 890 1138 είς
918 1065 973 1148 την
997 1064 1101 1150 ψυχὴν
1130 1059 1234 1150 ἡμῶν,
1263 1059 1424 1150 ἁψάμενοι
1456 1073 1513 1126 των

245 1199 388 1279 γραφῶν,
424 1188 473 1253 ἐπί
495 1194 653 1275 παρουσία
680 1197 735 1254 τοῦ
763 1187 931 1276 εἰρημένου
958 1197 1055 1275 πυροῦ
1079 1186 1338 1275 ἀποπρισιαρίυυ,
1367 1189 1514 1254 συνθίκοο

244 1317 301 1378 καί
329 1312 511 1398 ἐπιτρόπου,
545 1311 602 1377 καὶ
636 1309 730 1387 αὐτὸς
759 1309 777 1376 ὁ
805 1323 865 1399 πῦρ
893 1311 1148 1398 ἀποκρισιάριυς,
1183 1313 1329 1387 σῦνθιπος
1359 1317 1416 1377 καί
1448 1311 1512 1376 ἐπί·

244 1457 360 1522 τροπος
393 1434 525 1522 ὀνόματι
563 1445 618 1500 τοῦ
651 1446 751 1521 πυροῦ
789 1439 907 1510 θοοκάς
944 1441 1000 1501 καί
1038 1445 1094 1500 τοῦ
1132 1441 1323 1522 κυομουνίυυ
1355 1435 1512 1512 Βενετίοις,

244 1557 409 1647 ἁψάμενος
442 1571 503 1626 τῦν
538 1557 641 1626 αὐτῶν
664 1557 755 1647 ἱερῶν
781 1571 924 1648 γραφιῦν,
959 1563 1015 1624 καί
1043 1559 1089 1633 είς
1117 1562 1173 1646 την
1200 1561 1305 1646 ψυχὴν
1333 1557 1433 1624 αὐτοῦ
1461 1567 1513 1624 τοῦ

243 1693 342 1771 πυροῦ
380 1685 497 1758 δουκάς
530 1689 588 1750 καί
621 1693 677 1750 τοῦ
711 1689 903 1770 ποομοονίου
939 1683 1088 1759 Βενεείας
1121 1688 1179 1749 καί
1207 1682 1253 1758 εἰς
1286 1687 1326 1748 τά
1354 1681 1434 1764 ἅγια
1460 1693 1513 1748 τοῦ

242 1811 323 1874 θεοῦ
347 1805 522 1889 εὐαγγέλια
544 1813 600 1874 καί
624 1808 668 1881 είς
692 1811 744 1873 τάν
772 1812 874 1896 τίμιον
902 1812 959 1872 καί
986 1810 1141 1881 ῖωυποιάν
1169 1809 1304 1893 σταυρὸν
1332 1803 1411 1894 ὑπὲρ
1438 1805 1512 1872 ἑαυ-

242 1941 297 1997 τοῦ
321 1930 453 2020 ἀνόματι
473 1943 537 1998 τῶν
559 1935 793 2019 προειρημένων
820 1936 876 1996 καί
903 1941 958 1996 τοῦ
986 1936 1177 2018 κουμσυνίοο
1203 1930 1354 2004 Βενετίας
1381 1928 1512 2018 ἀκμάσα-

243 2079 299 2144 μεν
326 2061 383 2121 καί
411 2054 639 2144 ἀπεσχέθημεν
668 2054 836 2144 ἀλληλοις,
871 2057 987 2141 βέβαια
1010 2059 1066 2121 καί
1098 2055 1317 2143 ἀμετακίνητοι
1340 2060 1381 2121 τά
1403 2077 1511 2140 προει-

242 2185 363 2268 ρημένα
397 2185 501 2246 πάντα
537 2180 623 2268 ἔχειν
657 2203 690 2244 τε
725 2185 781 2245 καί
814 2191 941 2266 κρατεῖν
968 2184 1024 2244 καί
1060 2178 1318 2266 ἀπαράθραοοτα
1353 2191 1511 2267 συντηρεῖν

241 2309 298 2369 καί
327 2303 574 2392 ἀποπληροῦνῆ
598 2305 818 2393 φυλάττεσθαι
846 2309 903 2368 καί
930 2301 1197 2390 ἀποπληροῦσθαι
1224 2313 1358 2391 ποιησαι
1384 2309 1442 2368 καί
1470 2305 1511 2389 μή

242 2427 390 2504 ἐναντίως
416 2440 548 2517 ποιησαι
575 2428 595 2517 ἦ
625 2428 773 2496 ἐπελθεῖν
800 2442 865 2504 τοῖς
891 2434 1136 2518 προειρημένοις
1158 2429 1178 2517 ἢ
1205 2429 1238 2494 έν
1267 2450 1323 2494 τινι
1350 2440 1411 2494 τῶν
1434 2451 1512 2517 προ-

244 2559 415 2640 ειρημένων
439 2551 479 2617 δι’
507 2550 596 2640 ἡμῶν
623 2552 644 2641 ἢ
672 2552 711 2618 δι’
739 2553 845 2619 ἀλλων
880 2552 942 2620 ἀπὸ
977 2556 1104 2618 δικαίου
1126 2552 1147 2641 ἢ
1171 2559 1295 2642 φάπτυυ
1329 2557 1435 2640 τράπιρ
1459 2557 1513 2618 τινί

242 2676 263 2766 ἢ
293 2689 424 2766 μηχανῇ
452 2677 472 2765 ἢ
503 2677 589 2764 αἰτία
617 2678 667 2744 ἐπί
695 2675 848 2768 ἀποθήκη
876 2683 932 2744 καί
966 2678 1065 2767 ἀνοχῇ
1097 2691 1157 2746 τῶν
1184 2677 1346 2767 ἡμετέρων
1373 2684 1430 2745 καί
1462 2689 1514 2765 τῆς

246 2802 413 2884 βασιλείας
439 2799 529 2890 ἡμῶν
557 2807 613 2868 καί
640 2811 695 2868 τοῦ
731 2804 899 2891 εἰρημένου
926 2811 1025 2888 κοροῦ
1058 2802 1175 2878 δουκός
1203 2809 1259 2868 καί
1290 2813 1346 2868 τοῦ
1372 2825 1513 2890 πουμοομ

243 2931 311 2990 νίου
345 2925 494 3000 Βενετίας
529 2925 664 3008 ἀγαθῶν
691 2938 752 2994 τῶν
780 2949 814 2992 τε
838 2936 891 2992 νῦν
918 2925 1015 2992 ὄντων
1038 2931 1094 2991 καί
1118 2925 1292 3014 ἐσομένων,
1327 2925 1370 2992 ὧν
1393 2932 1514 2994 πάντων

243 3047 288 3122 εἰς
317 3055 488 3137 μαρτυρίαν
522 3056 578 3116 καί
605 3054 839 3137 καθαρωτέραν
874 3048 1043 3134 βεβαίωσιν
1070 3047 1161 3137 ἡμεῖς
1191 3047 1208 3114 ὁ
1237 3051 1389 3135 βασιλεῦς
1416 3056 1472 3116 καί
1495 3073 1513 3136 η

243 3174 391 3258 βασιλεία
421 3171 511 3262 ἡμῶν
543 3179 600 3249 τάς
629 3175 792 3261 παρούσας
823 3175 938 3261 τρέβας
962 3173 1195 3254 γενέσθαικαὶ
1219 3184 1377 3263 γραφῆναι
1400 3197 1515 3260 προσε-

243 3299 382 3384 τάξαμεν
407 3302 589 3385 γράμμασιν
614 3297 793 3394 ἑλληνικοῦς
816 3321 849 3362 τε
873 3301 929 3364 καί
953 3300 1140 3376 λαιινικοῖς,
1173 3296 1353 3386 ἑλληνικοῖς
1380 3303 1438 3386 μὲν
1462 3300 1513 3362 ἀιά

243 3423 352 3506 χειρὸς
384 3422 552 3505 βασιλικοῦ
586 3427 734 3510 νοταρίου
756 3421 918 3508 Γεωργίου
945 3431 1000 3486 τοῦ
1030 3419 1241 3499 Μανικαΐτου,
1276 3423 1448 3497 λατινικοῖς
1480 3425 1512 3486 δὲ

243 3545 296 3609 διὰ
330 3549 438 3632 χειρὸς
472 3545 636 3612 Νικολάου
670 3545 843 3634 Γιράρντοσ
873 3553 928 3611 τοῦ
960 3545 1022 3611 ἀπῦ
1050 3544 1199 3620 Βενετίας
1229 3552 1308 3612 ποτέ
1344 3547 1513 3635 Γιράρντοσ

243 3672 300 3734 καί
329 3671 481 3758 βασιλικῇ
510 3669 637 3756 ἐξουσία
665 3676 811 3758 νοταρίου
838 3675 895 3736 καί
923 3671 1151 3758 καντζελαρίου
1179 3680 1235 3736 τοῦ
1265 3671 1433 3760 εἰρημένου
1456 3695 1512 3738 πυ-

244 3802 300 3878 ροῦ
335 3791 579 3880 ἀποκρισιαρίυυ
607 3800 664 3860 καί
693 3794 740 3859 ἔτι
768 3791 801 3858 ἐν
830 3805 869 3883 τῇ
898 3791 981 3882 αὐλῇ
1008 3805 1069 3860 τῶν
1096 3793 1272 3862 Βενετίκων
1301 3794 1335 3860 έν
1358 3807 1397 3884 τῇ
1422 3797 1512 3863 Κων-

245 3919 513 3996 σταντινουπῦλει,
543 3923 600 3984 καί
625 3918 668 3992 εἰς
698 3917 827 4006 μείζονα
855 3917 1033 4008 ἀσφάλειαν
1056 3923 1113 3984 καί
1141 3921 1310 4004 βεβαίωσιν
1344 3931 1404 3986 τῶν
1429 3921 1513 4008 εάρη-

244 4045 345 4128 μένων
384 4044 501 4129 τρεβιῦν
538 4041 605 4126 ίῦίη
641 4039 730 4129 ἡμων
762 4047 844 4130 χειρί
883 4043 1029 4130 έρυθροῖς
1068 4043 1251 4131 γράμμασιν
1290 4041 1513 4132 ἀπερράψαμεν

243 4169 299 4231 καί
326 4163 465 4254 ἡμετέρη
494 4178 599 4254 χρυσῇ
628 4167 748 4253 βοόλλη
778 4164 994 4254 ἀπηωρημένη
1018 4171 1288 4255 κατοχυρωθῆναι
1320 4169 1513 4257 ἐποιήσαμεν

242 4295 299 4356 καί
327 4292 580 4378 προσετάξαμεν,
617 4290 656 4364 ἀς
689 4288 732 4375 τῷ
761 4295 979 4378 προειρημένῳ
1015 4289 1259 4379 ἀπυκρισιαρίιρ,
1294 4293 1433 4380 συνδίκιρ
1461 4297 1513 4358 καί

244 4414 401 4502 ἐπιτρόπῳ
436 4415 636 4500 δεδώκαμεν,
674 4413 803 4500 ἔχοντες
836 4411 908 4500 παρ’
935 4411 1008 4501 ἡμῖν
1037 4411 1147 4501 ἑτέρας
1182 4414 1296 4502 ὁμοίας
1319 4419 1437 4503 τρέβας
1461 4419 1512 4503 την

243 4537 342 4626 αὐτὴν
372 4537 537 4624 περίληψιν
569 4535 709 4625 έχοῦσας
741 4541 798 4601 καί
828 4543 1105 4625 κατωχυρωμένας
1128 4548 1184 4604 τοῦ
1207 4545 1399 4625 κυυμουνίου
1422 4541 1513 4607 Βενε-

243 4665 312 4737 τίας
340 4664 397 4726 καί
425 4668 480 4725 τοῦ
516 4661 681 4750 εἰρημένου
711 4669 809 4746 πυροῦ
841 4659 1082 4748 ἀποκρισιαρίου
1110 4666 1165 4726 καί
1194 4663 1358 4742 ουνῦίκοο,
1395 4667 1513 4750 βοῦλλη

244 4789 358 4876 πηρίνη
394 4794 449 4875 της
477 4793 532 4848 τοῦ
562 4784 653 4866 ἁγίου
676 4783 810 4870 Μάρκου
839 4783 961 4856 εἰκόνος
997 4783 1259 4874 έντετοπωμένης.
1296 4790 1317 4854 ἀ
1345 4789 1385 4876 δη
1413 4793 1513 4854 πάντα
