3182 5264
1297 344 1385 404 XVII

115 531 170 598 ιιαί
192 534 304 618 λαβεῖν
332 534 448 620 ταύτην
472 535 528 598 ιιαί
551 534 709 610 δέξασθαι
733 535 847 620 διταίιρ
876 539 932 600 καί
957 533 993 598 ἐιι
1018 539 1132 622 μόρους
1156 529 1272 613 αὐτῶν,
1299 535 1385 622 εἴπερ

116 652 287 744 ιόδοιτῆσει
314 660 354 722 τά
380 661 450 743 περί
478 659 589 722 τοότυυ
616 655 635 746 ἡ
666 659 814 742 βασιλεία
843 679 918 744 μου,
948 654 1171 746 ὑποσχεδῆναί
1199 681 1231 722 τε
1260 657 1298 724 ἐτι
1326 664 1385 746 μό-

115 804 187 867 ρους
211 778 316 846 αὐτῶν
337 783 415 868 πρός
439 783 494 868 την
519 781 685 864 βασιλείαν
709 803 784 868 μου,
809 779 885 848 ὅσον
909 785 965 846 ιιαί
987 785 1059 866 περί
1084 783 1195 846 τούτου
1218 787 1386 870 οτατωτόρω

115 907 356 993 δηλωθήσεται.
391 910 449 970 ταί
482 907 721 990 καταλαβόντες
756 905 785 972 οἱ
820 905 982 994 εἰρημίνοι
1014 909 1161 993 πρέσβεις
1196 905 1387 996 ἀνῆγγειλαν

115 1034 171 1094 ταί
195 1032 356 1118 ἐζήτησαν
382 1035 438 1096 ταὶ
460 1032 724 1119 ταρειιλῆτευααν
747 1032 803 1118 τῆν
828 1032 993 1115 βασιλείαν
1018 1053 1088 1118 μου,
1111 1029 1165 1098 ἵνα
1193 1029 1243 1096 ἐπί
1266 1043 1305 1120 τῆ
1328 1035 1388 1120 πρά

115 1163 232 1240 ααιροῶ
256 1159 406 1238 γεγονυία
428 1157 515 1240 παρὰ
532 1164 586 1242 τῆς
611 1156 777 1238 βασιλείας
802 1177 862 1240 μου
886 1157 928 1242 τερ
956 1158 1086 1240 τοιούτῳ
1110 1156 1389 1250 οτουμουνίῳιἈγ-

115 1291 221 1353 κῶνος
244 1275 415 1365 εὐεργεσίη
437 1284 493 1346 τταί
518 1283 626 1366 χάριτι
648 1285 705 1346 τιαί
728 1283 970 1365 συγτταταβάσει
993 1291 1048 1346 τοῶ
1071 1287 1270 1368 τομμερτιίου
1292 1303 1391 1368 προσ-

117 1407 203 1492 τεδῆ
233 1410 292 1470 τιαί
320 1409 531 1492 περισσοτίρα
558 1409 654 1492 χάρις
687 1409 744 1472 ταί
773 1407 1029 1490 συγτιοιτάβασις,
1065 1403 1131 1472 οἷον
1158 1403 1211 1472 ἵνα
1246 1405 1296 1472 ἐπί
1323 1419 1390 1482 ταῖς

118 1532 300 1615 γινομόναις
322 1525 395 1614 παρ’
420 1525 522 1594 αὐτῶν
552 1533 785 1614 πραγματείαις
814 1527 847 1594 ἐν
875 1540 915 1616 τῆ
942 1533 1034 1616 χῶρα
1062 1539 1117 1616 τῆς
1141 1531 1307 1614 βασιλείας
1331 1552 1391 1616 μου

117 1655 246 1718 διδῶσιν
275 1649 351 1739 ἁπίρ
379 1675 412 1718 τε
440 1658 654 1739 ιιομμεριτίου,
688 1661 957 1740 ταμπανιστιιιοῖι,
995 1659 1169 1738 μεσιτιιιίου
1203 1653 1260 1720 τιαί
1286 1659 1393 1742 πάσης

119 1773 223 1861 ἄλλης
250 1773 401 1862 ἐπηρείας
432 1779 489 1840 τιαί
523 1778 645 1850 δόσεως
674 1774 719 1850 εἰς
746 1779 786 1840 τά
814 1773 929 1840 όιιατόν
958 1771 1117 1862 όπόρπυρα
1146 1771 1221 1862 ὑπὲρ
1253 1775 1393 1866 ἐμβολῆς

118 1897 280 1986 δείρπυρα
303 1903 361 1966 δόο
383 1906 440 1966 τιαί
463 1897 540 1988 ὑπὲρ
561 1901 702 1988 ἐκβολῆς
726 1898 843 1987 ὁμοίως
866 1899 960 1988 ἐτερα
977 1895 1137 1988 ὁπέρπυρα
1161 1902 1229 1980 δόο,
1254 1898 1394 1988 ὑπεσχό-

119 2028 230 2112 θησαν
252 2026 290 2091 δὲ
314 2024 343 2090 υἱ
366 2026 568 2113 δηλαδίντες
593 2024 829 2110 ἁποιιρισιάριοι
857 2023 895 2089 ἐτι
919 2030 1034 2112 μόρους
1061 2033 1115 2090 τοῦ
1144 2027 1286 2090 τοιοότου
1314 2047 1394 2092 ττυυ-

120 2153 252 2236 μουνίου
274 2151 407 2227 παντός,
431 2145 484 2212 ἵνα
508 2149 622 2236 μηδείς
645 2151 680 2214 τό
698 2145 761 2214 ἀπὸ
785 2149 878 2214 τοῦδε
903 2147 965 2214 ἀπὸ
990 2158 1044 2213 τοῦ
1069 2147 1235 2236 εέρημένου
1251 2169 1394 2234 κοσμου-

119 2281 189 2340 νίυο
211 2271 376 2355 Ἀγιιῶνος
398 2271 419 2362 ἢ
440 2281 496 2360 τῆς
519 2274 764 2360 διαπρατῆσεως
788 2277 845 2338 τιαί
868 2281 923 2336 τοῦ
946 2275 1102 2336 εοντάτυυ
1126 2269 1223 2338 αότυῶ
1247 2273 1394 2360 τολμήσῃ

120 2399 321 2483 διαβιβάζειν
342 2397 455 2463 ἐαυτὸν
471 2395 491 2484 ἢ
508 2401 564 2470 τὰς
584 2401 805 2482 πραγματείας
830 2391 927 2461 αὐτοῦ
951 2393 1162 2474 ἐξτιυυσεόειν,
1186 2393 1229 2470 ῶς
1245 2395 1291 2471 εἰς
1314 2395 1395 2462 ἄλλο

120 2525 312 2608 τιυομοόνιον
337 2521 717 2606 συγιταταριδμοόμενος,
745 2519 787 2604 τῷ
817 2529 877 2584 τῶν
904 2518 1094 2584 Γεννοιιιτῶν
1117 2518 1266 2607 δηλονότι
1288 2518 1309 2607 ἤ
1333 2530 1394 2586 τῶν

119 2645 297 2713 Βενετίτιων
326 2644 347 2732 ῆ
376 2647 459 2717 τινός
487 2642 590 2730 ἄλλης
613 2640 725 2730 ἐτίρας
748 2639 899 2728 ὁλότητος
927 2640 948 2730 ἢ
978 2639 1164 2716 αόδεντίας,
1188 2641 1208 2730 ἢ
1236 2647 1395 2729 προκυμί-

121 2775 186 2845 ζειν
215 2772 391 2856 γράμματα
417 2772 474 2832 ταί
503 2767 651 2854 ἐγγραμα
678 2777 872 2832 συνιστῶντα
900 2769 955 2853 τῆν
985 2768 1132 2852 τοιαύτην
1162 2767 1346 2842 ἐβτοόσειαν
1373 2765 1394 2854 ῆ

120 2892 307 2978 ἐλευθερίαν
333 2889 440 2968 αὐτοῦ,
466 2889 550 2956 ἀλλὰ
573 2890 763 2974 διαβαίνωσι
785 2892 901 2962 πάντες
928 2887 959 2954 οἱ
981 2898 1036 2954 τοῦ
1060 2889 1226 2976 είρημένου
1252 2911 1394 2977 τιουμου-

119 3021 187 3081 νόου
215 3015 380 3095 Ἀγιιῶνος
413 3017 471 3078 καί
498 3022 554 3078 τοῦ
588 3017 744 3078 τιοντοίτου
772 3015 829 3076 τιαί
857 3021 912 3098 τῆς
943 3013 1183 3100 διατραπῆσεως
1219 3009 1321 3078 αὐτῶν
1352 3011 1396 3086 ῶς

121 3139 378 3219 Ἀγιιωνιτιάνοι,
406 3136 569 3209 τελοῦντες
597 3131 672 3221 όπέρ
706 3145 815 3201 πασῶν
850 3145 1087 3221 πραγματειῶν,
1117 3136 1156 3210 ἃς
1188 3135 1395 3224 ἐπιφέρεσθαι

121 3263 291 3349 μίλλυοσιν
316 3259 560 3346 άνεγαρατήτως
583 3263 641 3324 οιαί
664 3259 739 3324 ἄνευ
765 3262 882 3333 παντός
909 3260 1005 3324 δόλου
1033 3263 1089 3324 τιαί
1117 3255 1321 3346 ῥᾳδιουργίας
1350 3258 1395 3332 εές

119 3390 159 3452 τὰ
189 3385 306 3452 ἐτιατόν
334 3379 497 3470 όπόρπυρα
525 3379 601 3469 ιίπόρ
630 3381 770 3470 ἐμβολῆς
798 3379 957 3470 ιίπίρπυρα
984 3383 1040 3448 δόο
1068 3387 1124 3448 τιαί
1152 3380 1228 3470 όπέρ
1256 3383 1395 3472 ἐκβολῆς

121 3509 241 3595 ὁμοίως
263 3507 359 3592 ἐτερα
383 3503 543 3592 όπίρπυρα
566 3506 633 3584 δόο,
658 3503 765 3593 ἐπειδη
790 3511 847 3572 ταί
870 3509 905 3570 τό
929 3505 1092 3594 είρημόντν
1119 3509 1308 3593 τουμαόνιον
1331 3510 1394 3574 δέ·

121 3655 243 3720 σπισμα
266 3635 323 3698 τισί
346 3632 430 3707 τάξιν
454 3628 619 3718 ἐγγράφως
646 3634 704 3694 οιαί
731 3628 872 3716 ἀρεστῶς
901 3631 1093 3718 ἐποιήσαντο
1122 3635 1207 3696 κατὰ
1238 3633 1293 3718 τῆν
1317 3633 1391 3697 τοί-

120 3779 180 3824 τιεν
204 3759 380 3844 συνηδειαν
409 3754 460 3822 ἐπί
483 3757 598 3841 τούτῳ,
626 3759 683 3820 ιιαί
711 3757 751 3822 τὰ
778 3758 952 3842 ρδάσαντα
980 3758 1135 3836 γενόσδαι
1162 3755 1242 3822 τισίν
1270 3756 1302 3834 ἐξ
1330 3751 1391 3824 αέ·

120 3894 180 3948 τῶν
204 3879 268 3948 οἰτό
292 3885 407 3968 μίμους
429 3884 626 3965 τιυυμυυνίων
650 3876 763 3966 ἐτίρων
788 3877 934 3968 ἐγγραμα
964 3878 1068 3965 ἄπυρα
1091 3884 1147 3946 ταί
1169 3885 1247 3947 τινὰ
1276 3881 1391 3959 ἔταξαν

121 4005 201 4072 εἶναι
228 4009 285 4072 ταί
313 4007 465 4090 τιμωρίας
494 4000 672 4082 ἀναλόγους
703 4007 759 4070 ταί
788 4006 901 4077 ποινὰς
936 4001 1111 4068 ἐδόσπισαν
1146 4008 1293 4084 γίνεσδαι
1327 4017 1392 4081 τοῖς

121 4131 335 4217 τολμήσουσιν
359 4126 403 4201 είς
427 4129 462 4192 τό
486 4123 558 4214 όξῆς
580 4137 738 4214 προτεῖναι
759 4136 866 4199 ποσῶς
890 4135 1004 4204 ταότα,
1032 4128 1146 4200 ταδῶς
1170 4131 1227 4192 τιαί
1254 4130 1294 4193 τὰ
1320 4132 1392 4214 περί

122 4255 235 4320 τυόταυ
258 4250 291 4318 ἐν
314 4250 465 4340 ἐγγράφῳ
489 4251 633 4326 διατάξει
655 4253 712 4314 ταί
735 4251 933 4336 δεσπόσματι
956 4253 1101 4330 γεγονότι
1127 4253 1216 4336 παρὰ
1239 4259 1294 4318 τοῦ
1323 4275 1391 4318 τοι·

122 4379 216 4444 οότυο
241 4381 434 4464 ποομυυνόου
467 4378 524 4440 ταί
551 4375 680 4440 διδόντι
712 4374 791 4458 πρός
819 4373 854 4438 τό
884 4378 980 4460 μόρος
1010 4385 1067 4462 τῆς
1102 4376 1269 4458 βασιλείας
1302 4371 1391 4464 ἡμῶν

123 4501 168 4577 είς
195 4502 252 4588 τῆν
278 4503 352 4586 περί
377 4499 489 4564 τοότυυ
518 4494 696 4586 ἀσφάλειαν
731 4497 888 4582 καθαρῶς
915 4497 1077 4583 δηλοῦται.
1106 4495 1126 4584 ἡ
1156 4499 1304 4582 βασιλεία
1332 4521 1392 4586 μου

123 4627 177 4714 τῆν
204 4625 355 4710 τυιαότην
378 4622 502 4710 αἴτησιν
524 4624 582 4688 καί
603 4611 805 4707 παράκλησιν
830 4615 931 4684 αὐτῶν
957 4619 1197 4710 πρασδεεαμόνη
1227 4625 1281 4689 τόν
1310 4645 1392 4710 παρ-

125 4753 199 4816 όντα
219 4747 457 4837 χρυσόβουλλυν
480 4746 621 4824 λόγον
645 4741 829 4830 ἐπιχυρηγεῐ
851 4747 909 4808 ταί
930 4739 1129 4830 ἐπιβραβεόει
1153 4741 1273 4826 αότοῑς,
1298 4743 1338 4812 δι’
1355 4741 1392 4811 οιί

1129 4841 1139 4861 ‘
1178 4851 1195 4900 υ
