3182 5264
1314 354 1354 420 13

94 554 285 638 ρογέννητος,
322 547 394 616 οὔτε
418 571 465 623 τις
487 551 656 636 προστάξει
689 545 779 636 ήμῶν
807 551 893 614 κατά
917 571 985 616 τινα
1022 549 1134 635 τρόπον
1170 547 1297 621 ἀδικίας
1323 547 1355 612 ἐν

92 691 150 752 τοῖς
170 681 354 764 πράγμασιν
377 674 463 762 όμῶν
486 675 506 764 ή
531 687 596 750 τοῖς
621 674 804 762 ἀνθρώποις
824 679 959 763 ποιήσει.
986 675 1014 740 εὶ
1029 677 1064 740 δὲ
1081 675 1136 738 διά
1151 695 1238 748 τινας
1253 674 1356 748 αἰτίας

91 809 222 889 γενηται,
247 801 288 866 δι’
307 801 519 888 ἐνδεχομένου
540 809 653 886 καιροῦ
673 799 726 866 ἵνα
748 803 933 886 διορθῶται.
952 799 1007 866 ἐάν
1024 823 1070 874 τις
1095 797 1179 886 όμῶν
1204 799 1356 886 ἔγκλησιν

89 930 218 1013 ποιήση,
255 925 287 990 ἐν
311 929 426 1004 γνώσει
449 929 623 1012 γενομένης
651 935 707 1011 τῆς
741 927 910 1009 βασιλείας
935 946 1009 1012 μου,
1046 923 1104 990 οόκ
1140 923 1356 1012 ἀποπεμφθή-

90 1075 187 1128 σεται,
223 1049 308 1116 ἀλλὰ
342 1052 624 1138 προσδεχθήσεται
647 1047 667 1138 ἡ
693 1049 846 1137 ἔγκλησις
875 1047 971 1116 αότυό
998 1054 1161 1116 καὶκατὰ
1185 1051 1238 1114 τόν
1261 1054 1357 1134 νόμον

88 1178 275 1262 κριθήσεται
309 1178 366 1239 καί
401 1173 656 1262 ἐκδικηθήσεται
681 1178 760 1260 μετὰ
787 1177 843 1262 τήν
872 1175 992 1255 ἔλεγξιν
1028 1185 1083 1263 τῆς
1118 1173 1293 1263 ἀληθείας,
1330 1173 1357 1238 εί

90 1311 169 1387 φανη
198 1297 420 1385 ἀδικοόμενος.
446 1297 476 1364 οἱ
503 1300 556 1364 διὰ
580 1299 635 1385 τήν
663 1297 811 1363 δουλείαν
835 1308 889 1363 τοῦ
916 1303 997 1364 θεοῦ
1021 1299 1066 1373 εἰς
1090 1303 1130 1364 τά
1152 1295 1357 1384 Ἱεροσόλυμα

90 1421 297 1510 ἀπερχόμενοι
337 1426 417 1508 μετὰ
452 1433 512 1488 τῶν
547 1420 703 1510 όμετὲρων
739 1421 916 1509 ἀνθρώπων
949 1427 1026 1510 πρός
1056 1425 1092 1488 τό
1124 1425 1357 1509 στρατεύεσθαι

88 1552 168 1612 κατὰ
193 1559 251 1612 τῶν
275 1551 441 1628 παγάνων,
474 1547 507 1612 ἐν
530 1561 569 1635 τή
600 1547 768 1613 ἀπελεόσει
791 1551 846 1612 καί
870 1559 909 1634 πή
933 1537 1114 1636 όποστροφή
1138 1543 1198 1612 οόκ
1223 1547 1356 1633 ἐμποδι-

88 1676 163 1757 σμόν
187 1694 256 1737 τινα
280 1669 528 1760 ἀποστήσονται,
555 1670 628 1738 οόδὲ
652 1675 917 1760 ταραχθήσονται
942 1669 1032 1737 αότοὶ
1055 1670 1075 1760 ἢ
1100 1677 1138 1737 τὰ
1161 1673 1255 1737 πλοῖα
1279 1671 1299 1760 ή
1324 1671 1357 1736 αἱ

87 1798 221 1862 δαπάναι
244 1797 265 1886 ή
290 1803 329 1863 τὰ
353 1803 566 1884 στρατιωτικὰ
590 1801 823 1885 μηχανήματα,
857 1799 877 1862 ά
909 1803 1070 1886 φέρουσιν,
1107 1795 1356 1886 ἀσφαλιζόμενοι

86 1927 152 2005 περί
168 1933 229 1986 τῶν
245 1919 489 2009 ὑποδεχομένων
507 1919 622 1995 αότοός
646 1921 678 1986 ἐν
702 1933 767 1995 τοῖς
789 1924 911 1996 πλοίοις
935 1919 1020 2007 ὑμῶν
1045 1918 1200 2008 ὑμετέρων
1225 1920 1354 2006 ἀνθρώ-

86 2068 147 2110 πων
171 2047 226 2112 διά
255 2051 474 2134 πληροφορίας
506 2047 652 2133 ἐνόρκου,
688 2043 736 2112 ότι
761 2051 839 2134 μήτε
865 2045 977 2133 ἐχθρω
999 2055 1055 2133 τής
1080 2047 1244 2130 βασιλείας
1266 2043 1355 2132 ήμῶν

87 2175 140 2234 καὶ
173 2181 229 2256 τής
268 2169 448 2257 Ῥωμανίας
483 2173 689 2258 βοηθήσωσι,
727 2175 806 2258 μήτε
841 2167 945 2236 ἐκεῖσε
980 2174 1064 2235 κατὰ
1099 2180 1154 2257 τής
1190 2169 1355 2254 βασιλείας

86 2293 171 2382 ἡμῶν
207 2301 368 2376 γίνωνται.
405 2307 504 2362 ταῦτα
539 2293 593 2362 οὖν
616 2301 719 2362 πάντα
749 2291 802 2362 ίνα
838 2302 970 2382 μόνωσιν
1007 2293 1225 2384 ἀμετάτρεπτα
1261 2301 1356 2382 μέχρι

88 2421 214 2496 παντός,
245 2419 307 2493 ἕως
331 2416 368 2484 ἀν
393 2417 479 2506 ὑμεῖς
504 2441 536 2484 τε
560 2423 617 2484 καί
639 2425 754 2494 πάντες
778 2419 807 2483 οἱ
822 2416 957 2484 ’ἔποικοι
980 2431 1035 2506 τῆς
1059 2424 1167 2506 χώρας
1191 2413 1277 2505 ὑμῶν
1300 2422 1356 2482 καί

88 2553 137 2608 τοῦ
161 2549 304 2629 κάστρου
338 2545 515 2633 φυλάττητε
551 2549 589 2610 τά
622 2545 767 2632 ἀνωτέρω
792 2547 982 2632 δηλωθέντα
1007 2545 1121 2630 βέβαια
1146 2550 1202 2609 καί
1226 2537 1353 2629 ἀπαρά-

88 2671 230 2753 θραοστα
253 2671 331 2753 πρός
355 2693 387 2733 τε
411 2671 466 2756 τήν
491 2671 657 2754 βασιλείαν
682 2691 741 2756 μου
765 2667 821 2734 καὶ
845 2675 898 2735 τόν
921 2673 1136 2756 περιπόθητον
1162 2667 1226 2734 υἱόν
1258 2665 1355 2755 αὐτῆς

86 2799 136 2857 καί
161 2765 309 2878 βασιλέα,
330 2803 418 2880 κόριν
440 2795 586 2882 Ἰωάννην
610 2799 662 2860 τόν
685 2801 985 2884 πορφυρογέννητον,
1010 2799 1066 2859 καί
1087 2797 1142 2878 τήν
1165 2793 1354 2880 Ῥωμανίαν,

86 2915 123 2990 όις
146 2929 212 2982 νοεῖ
236 2915 378 3005 ταῦταη
403 2919 552 3002 βασιλεία
575 2915 664 3006 ἡμῶν
689 2919 734 2992 είς
758 2918 914 3008 ἀφέλειαν
937 2921 993 2983 καί
1015 2919 1106 3005 τιμήν
1132 2915 1228 3006 αότής
1250 2923 1354 2982 τεκαὶ
1451 2991 1452 2996 1

88 3053 136 3129 τῆς
160 3043 338 3130 Ῥωμανίας
373 3049 429 3108 καί
464 3043 538 3110 ἀνευ
564 3045 660 3109 δόλου
684 3049 740 3110 καί
769 3051 931 3131 περινοίας
956 3047 1051 3122 τινός,
1087 3045 1141 3108 διὰ
1176 3049 1352 3130 γάρτοῦτο

87 3174 135 3232 καί
160 3167 178 3232 ό
201 3173 309 3254 παρὼν
345 3171 582 3256 χρυσόβουλλος
617 3171 713 3249 λόγος
738 3167 908 3256 ἀμοιβαῖος
930 3166 972 3234 ὢν
996 3179 1052 3256 τής
1076 3167 1236 3256 ἐγγράφου
1271 3191 1352 3256 συμ-

88 3299 199 3377 φωνίας
234 3289 321 3378 ὑμῶν
356 3303 411 3380 της
435 3295 487 3358 διὰ
517 3303 571 3358 τοῦ
607 3291 759 3380 όμετέρου
794 3291 891 3379 όρκου
928 3295 1162 3382 βεβαιωθείσης
1197 3296 1252 3356 καί
1286 3301 1353 3364 ταῖς

88 3415 216 3491 οἰκείαις
240 3412 436 3505 ἀπογραφαῖς
461 3413 547 3504 όμιῖιν
569 3422 785 3504 πιστωθείσης
810 3415 975 3504 ἀπεστάλη
999 3413 1039 3480 δι’
1064 3412 1149 3502 ὑμῶν
1171 3419 1248 3503 πρὸς
1271 3421 1351 3481 πάν·

87 3563 136 3614 τας
161 3541 234 3615 τοός
264 3539 411 3616 ἐποίκους
435 3551 491 3607 τοῦ
519 3547 659 3628 κάστρου
686 3547 742 3606 καί
770 3553 825 3630 τής
849 3547 957 3630 χώρας
980 3553 1035 3629 τῆς
1059 3525 1192 3629 Πίσσης,
1218 3560 1351 3628 γεγενη-

88 3669 173 3746 μένος
197 3669 283 3730 κατά
319 3669 371 3732 τόν
407 3665 580 3752 όκττόβριον
617 3677 700 3754 μήνα
732 3677 787 3754 τής
811 3671 953 3754 πέμπτης
976 3651 1172 3739 ίνδικιιῶνος
1195 3675 1250 3730 τοῦ
1273 3665 1353 3751 ,ςχιί

88 3789 179 3868 ἔτους,
207 3789 240 3856 ἐν
265 3789 289 3879 ᾧ
311 3795 367 3855 καὶ
402 3795 436 3856 τό
465 3789 619 3879 ἡμέτερον
644 3788 784 3876 εόσεβὲς
819 3799 875 3856 καί
910 3793 1150 3878 θεοπρόβληιον
1185 3787 1350 3878 όπεσημή-

85 3933 154 3980 νπτο
178 3919 307 4002 κράτος.
940 3899 944 3904 ⁵

167 4037 420 4121 ήἈλὲξιος
457 4041 500 4105 όν
527 4039 708 4126 Χριστῷ
736 4039 789 4127 τῴ
817 4039 907 4127 θεῷ
933 4041 1096 4113 πιστός
1126 4038 1351 4124 βασιλεὺς

87 4169 156 4229 καί
193 4161 497 4252 αὐτοκράτωρ
530 4163 760 4250 Ῥωμαίων
790 4165 806 4231 ό
835 4165 1115 4253 Κομνηνός.·

166 4289 203 4355 Ὁ
227 4291 262 4354 δὲ
299 4299 353 4355 τοῦ
387 4299 486 4374 κυροό
520 4286 673 4376 Μανουήλ
708 4287 820 4363 οότως·
847 4291 997 4378 ἔφθασαν
1033 4297 1089 4378 μὲν
1115 4291 1144 4356 οἱ
1166 4295 1349 4358 πιστότατοι

88 4424 120 4501 τή
157 4417 306 4500 βασιλεία
349 4437 408 4502 μου
451 4413 599 4479 Πισσαῑοι
644 4415 832 4502 κτήσασθαι
876 4416 908 4480 ἐν
952 4427 991 4504 τῇ
1034 4417 1270 4497 Μεγαλοπόλει1
1295 4403 1349 4484 διά

88 4539 322 4625 γρυσοβοόλλου
350 4547 404 4604 τοῦ
434 4535 582 4624 ἀοιδίμου
608 4541 736 4606 πάππου
771 4549 826 4625 τῆς
863 4541 1028 4623 βασιλείας
1065 4519 1125 4628 μου
1160 4549 1215 4608 καὶ
1254 4542 1349 4619 αὖθις

90 4675 137 4729 τοῦ
176 4665 327 4752 ἀοιδίμου
366 4661 524 4730 αόθέντου
562 4669 618 4727 καὶ
654 4667 774 4750 πατρός
814 4673 869 4750 τής
908 4665 1072 4748 βασιλείας
1112 4691 1172 4754 μου
1211 4664 1348 4755 ἔμβολον

90 4793 137 4852 καὶ
160 4791 286 4855 σκάλαν
309 4793 366 4854 καί
391 4787 582 4875 ἐκκλησίαν,
607 4791 722 4862 καθὼς
761 4786 792 4854 ἐν
817 4787 861 4874 τῴ
893 4793 1036 4869 γεγονότι
1058 4787 1163 4866 αότοῐς
1186 4789 1349 4878 πρακτικῷ
