3164 5264
226 313 290 378 302

315 507 340 565 A
358 519 448 582 τετροι
469 507 550 567 1480
564 509 610 565 άίτ
630 506 677 567 17.
694 510 796 566 martii
815 510 856 565 αά
870 517 990 567 rectores
1006 507 1145 582 Νανφίεῖ,
1162 507 1264 582 φείδεο
1276 507 1361 584 φεοίί,
1378 513 1413 561 ue
1427 521 1503 560 ποτε·

225 635 308 692 nulla
324 653 413 708 opera
428 634 594 694 diruantur.

315 758 393 831 Οτίρ.
410 758 500 814 chart.
518 757 659 814 ταότιίατίί
680 757 915 816 Ρίαάοόοιιεαεόε,
931 755 1093 830 Donarem
1107 755 1145 816 E.
1161 754 1245 816 Birk.

672 1046 767 1116 XVII.
788 1051 886 1123 1480,
906 1051 956 1115 10.
973 1045 1053 1114 iulii.

315 1216 497 1274 Μοόαταεαεά
511 1215 558 1276 ΙῙ.
574 1226 601 1272 τί
615 1215 742 1272 Ioannes
756 1215 917 1287 Μοοεαίρο,
934 1215 992 1272 dun
1012 1215 1206 1279 Ῡειεείίατειοε,
1223 1213 1259 1272 da
1274 1213 1412 1270 ίίοιίίεδιεε

758 1341 956 1412 μαεόεειεαίιεα.

180 1519 184 1526 ·
317 1490 372 1567 Εἷς
395 1494 448 1557 τάν
471 1489 731 1578 όνλαμπρότατον
754 1494 810 1556 καί
829 1487 1044 1579 ὑψηλότατον,
1069 1489 1286 1578 γαληνότατόν
1308 1511 1342 1554 τε
1364 1491 1424 1554 εταί
1446 1509 1506 1554 πε-

231 1613 460 1704 ριφανόστατον
488 1612 630 1702 ἄρχοντα
657 1622 716 1701 ιιῦρ
743 1612 889 1701 Ἰωάννην
916 1611 1112 1694 Μοίενίγον,
1146 1615 1228 1678 θεοῦ
1255 1615 1364 1699 χάριτι
1396 1612 1506 1676 δοῦτια
1554 1663 1557 1672 ,

231 1747 287 1828 τῆς
311 1736 576 1826 όιιλαμπροτάτης
604 1733 793 1810 αύθεντείας
817 1747 877 1802 τῶν
898 1736 1072 1816 Βπινετῦιν,
1100 1743 1157 1824 τῆς
1178 1733 1336 1824 ἡμετέρας
1358 1735 1396 1799 δύ
1418 1756 1506 1820 πρα-

231 1865 402 1950 ταιοτάτης
435 1862 601 1947 βασιλείας
634 1859 725 1948 φίλον
763 1860 914 1948 φίλτατον
947 1863 1004 1926 ειαί
1037 1863 1282 1938 ποθεινότατον,
1328 1855 1506 1946 ἀξιοπρεπη

230 1987 287 2052 καί
309 1985 420 2074 φιλιαά
442 1987 687 2071 χαιρετίσματα.
714 1985 794 2070 μετὰ
816 1983 853 2048 δὲ
876 1989 975 2049 ταῦτα
997 1983 1095 2071 δῆλον
1119 1982 1188 2050 ἔστι
1210 1985 1246 2048 τό
1270 1979 1399 2068 ἀγάπην
1424 1981 1509 2046 εἶναι

232 2108 335 2198 ἀρχὴν
362 2111 480 2184 παντός
508 2107 652 2190 ἀγαθοῦ,
677 2105 744 2174 ἀπεί
770 2111 827 2173 ιιαί
854 2104 871 2172 ό
899 2109 1011 2188 λόγων·
1040 2112 1081 2174 τὰ
1108 2105 1186 2173 όντα
1212 2108 1267 2174 διὰ
1291 2104 1422 2194 ἀγάπης
1444 2127 1508 2172 αε-

231 2235 417 2321 ειράεηνται,
441 2230 576 2320 ἀληθοῦς
599 2255 632 2297 τε
654 2236 712 2298 τιαί
731 2232 840 2307 ιιαλιῦς
861 2228 1057 2321 ἀπεφήνατο·
1081 2228 1160 2318 αύτή
1185 2235 1247 2318 γὰρ
1271 2229 1304 2297 όν
1327 2243 1392 2305 τοῖς
1416 2227 1509 2295 ούσιν

232 2353 421 2444 ὑπάρχουσα
446 2359 550 2422 πάντα
577 2359 663 2420 πατὰ
692 2353 884 2442 ἀγαθότητα
912 2352 1059 2420 ἀποτελεῖ
1084 2360 1142 2420 ειαί
1164 2353 1198 2421 ἐν
1220 2356 1369 2442 καρδίαις
1392 2377 1510 2442 στηρι-

232 2482 355 2568 χθείσα
378 2476 512 2568 ἀναφύει
535 2481 575 2543 τά
598 2477 678 2564 ἔργα
702 2473 888 2567 εύφρόσονα.
912 2487 1005 2544 τοῦτο
1022 2474 1076 2543 ούν
1100 2475 1353 2567 βεβαιωθείοαὴ
1378 2475 1509 2563 ἀνελαμ-

232 2606 374 2690 προτάτη
409 2598 582 2666 αύθεντεία
615 2611 671 2688 της
703 2600 871 2675 Βαινετίας
906 2604 987 2687 μετά
1020 2605 1078 2666 ταί
1111 2611 1167 2688 τῆς
1202 2602 1420 2688 γαληνότητος
1449 2608 1510 2664 τοῦ

234 2721 404 2813 ύπερτίμοο
432 2729 489 2790 ειαί
517 2721 717 2812 ύψηλοτάτοο
743 2725 862 2800 δοοειδς
888 2727 945 2789 τισί
971 2727 1049 2812 πρὸς
1076 2727 1112 2790 τό
1140 2735 1197 2811 τῆς
1223 2721 1381 2812 ἡμετόρας
1410 2725 1510 2808 βασι-

234 2849 324 2924 λείας
348 2849 532 2934 διαπρύσιον
555 2851 672 2934 ειράτος
696 2843 778 2914 ούτω
802 2848 1012 2936 διατιθεμόνη
1032 2869 1067 2914 τε
1090 2852 1148 2915 τιαί
1169 2860 1388 2938 πεφρονηετοῖα
1410 2869 1510 2912 σοντ-

235 2981 303 3060 χῦς
330 2975 369 3037 τὰ
402 2981 495 3038 τοῦτο
531 2969 693 3058 ἐρείδοντα
722 2966 782 3036 ούετ
809 2967 991 3058 ἀστόρησεν·
1030 2967 1072 3036 ὧν
1100 2969 1162 3036 είσί
1188 2975 1245 3036 ναί
1272 2975 1312 3036 τά
1339 2974 1426 3036 πατὰ
1452 2973 1511 3036 τόν

234 3099 376 3184 παρόντα
409 3099 524 3182 χρόνον
551 3097 628 3181 πρὸς
655 3095 699 3182 τῷ
724 3099 836 3181 αράτει
863 3103 918 3181 τῆς
952 3104 1215 3182 ειοσμοειρατιειῆς
1246 3096 1416 3179 βασιλείας
1446 3117 1512 3181 μοο

236 3218 462 3306 ἀπεσταλμόνα
484 3223 574 3306 τίμιά
596 3241 630 3284 τε
653 3223 709 3283 ααί
732 3219 869 3308 φίλτατα
891 3215 1075 3304 γράμματα,
1100 3215 1165 3306 άὴ
1189 3221 1420 3307 θεοβοήθητος
1444 3221 1511 3304 βα-

238 3344 344 3410 σιλεία
372 3365 433 3431 μοο
460 3337 599 3429 εόμενῦις
626 3365 660 3406 τε
687 3345 745 3407 ειαί
772 3341 937 3430 όμφρόνως
964 3344 1021 3406 εταί
1043 3337 1146 3428 ἡδόως
1174 3340 1213 3406 ἀει
1236 3353 1351 3428 χειρῶν
1374 3351 1430 3408 τοῦ
1452 3365 1512 3406 τε·

236 3471 411 3556 τιμημόνοο
433 3471 491 3532 οιαὶ
512 3473 712 3554 περιφανοῦς,
737 3457 899 3545 εύγενιειοῦ
923 3487 957 3529 τε
980 3468 1037 3529 ταί
1058 3469 1298 3552 φρονιμωτάτοο
1320 3465 1514 3554 ἀποειρισια-

237 3597 306 3679 ρίοο
334 3587 522 3662 αύθεντείας
549 3589 774 3675 λαμπροτάτης
805 3597 861 3672 τῆς
887 3583 1048 3675 ἡμετέρας
1081 3599 1179 3675 αοροῦ
1205 3588 1371 3656 Νιαολάοο
1399 3589 1513 3657 Κόειοο

238 3713 385 3794 δδόξαεο,
420 3717 476 3778 καί
497 3713 614 3778 ἰδοῦσα
648 3715 706 3786 τάς
734 3709 766 3776 όν
795 3706 902 3784 αύτοῑς
923 3715 1153 3798 περιεχομένας
1183 3715 1314 3800 φιλικὰς
1343 3714 1513 3788 διαθόσενς

236 3843 295 3905 εταί
321 3838 491 3924 είλιιιρινάς
520 3835 662 3916 ἀγάπας,
691 3833 738 3922 ἀφ’
766 3833 817 3908 αἶς
844 3837 951 3922 χάριτι
983 3837 1065 3900 θεοῦ
1092 3838 1341 3923 τεθεμελίωνται
1368 3843 1410 3904 τά
1439 3837 1513 3924 περὶ

237 3974 293 4050 τῆς
318 3961 446 4048 εἰρήνης
467 3960 649 4046 συμβόλαια
675 3965 732 4024 ειαί
759 3957 858 4036 ἄλλα,
882 3955 944 4022 ὅσα
973 3959 1113 4046 βοηθείᾳ
1137 3963 1219 4025 θεοῦ
1242 3959 1512 4048 ἀξιοπρεπέστερά

238 4085 300 4151 είσι
327 4097 367 4173 τῇ
387 4081 527 4172 ἡμετίρφ
551 4083 774 4169 μεγαλειότητι
800 4085 856 4146 ταί
883 4076 968 4167 ύμῦν
997 4083 1272 4170 λαμπρότητι,τά
1296 4094 1353 4172 της
1376 4087 1512 4174 φιλότη-

239 4231 292 4282 τος
316 4207 499 4295 όστηρίεατο
522 4210 579 4272 ειαί
602 4205 652 4271 ἐπί
674 4216 734 4269 τῦιν
758 4203 884 4270 ἀνθίαν
908 4199 1006 4292 ταύτης
1028 4202 1260 4292 ἠγαλλιάσατο.
1287 4207 1358 4274 ἀλλ’
1384 4207 1512 4296 όπείπερ

239 4333 355 4405 ταύτας
383 4327 442 4398 ύπό
471 4329 624 4396 ἀειανθῦιν
647 4339 735 4394 τινων
762 4329 1008 4414 ειενιαλομμὲνας
1035 4327 1191 4414 ἑόρακεν,
1215 4329 1249 4395 αἱ
1277 4329 1314 4396 ἀοι
1345 4343 1408 4397 τῶν
1432 4335 1512 4419 zur

239 4459 359 4520 λασιιῦν
384 4467 473 4520 εινῦιν
502 4453 698 4520 ἀπαιδεύτων
727 4453 761 4517 όν
788 4463 853 4526 τοῖς
880 4449 980 4538 όρίοις
1004 4450 1200 4540 ἀνεφύησαν,
1222 4465 1348 4542 πρῶτον
1372 4461 1431 4542 μὲν
1453 4459 1513 4542 τήν

241 4577 441 4664 ἀποαάλοψιν
465 4575 567 4642 αύτῦιν
590 4579 664 4642 δέον
686 4573 847 4663 ἡγήσατο,
870 4573 924 4639 ἵνα
948 4574 978 4640 οἱ
1001 4583 1118 4661 τιαρποί
1143 4575 1241 4666 αὐτῆς
1265 4593 1407 4666 σονεχῦις
1431 4583 1512 4646 σολ-

237 4703 397 4780 λόγεινται
420 4705 475 4766 ειαί
498 4699 529 4764 οἱ
549 4698 764 4787 εύωχούμενοι
788 4694 1087 4786 εὐφρανθήσονται,
1111 4705 1167 4766 ααὶ
1194 4704 1249 4768 διὰ
1272 4714 1366 4769 τοῦτο
1391 4703 1513 4770 ἀνατε-
