3148 5268
248 370 291 436 98

247 563 410 648 χδησεται
436 565 472 627 τό
498 572 640 629 τοιοῦτον
661 573 793 654 πρᾶγμα
817 559 919 630 αὑτῶν
948 561 1215 651 ἀκαινοτόμητυν,
1241 572 1280 652 τη
1302 562 1434 648 δυνάμει
1457 564 1512 626 καί

246 681 335 770 ίσχόι
357 694 412 749 τυό
434 689 590 772 παρόντος
618 689 856 774 χρυσοβυὺλλου
887 698 942 776 τῆς
970 687 1136 772 βασιλείας
1160 709 1230 774 μου.
1254 689 1364 751 τούτου
1389 689 1450 771 γὰρ
1474 697 1512 772 τῇ

248 805 402 896 ἐμψανεία
429 810 723 898 διατηρηδησονται
754 815 834 898 μετὰ
857 813 891 876 τό
916 811 1038 876 διδόναι
1061 813 1096 876 τό
1121 809 1403 896 ἀναγεγραμμένον
1426 829 1511 894 κομ-

246 935 374 1016 μέρκιον
399 928 607 1020 ἀνενόχλητοι
632 938 689 998 καί
712 933 857 1022 ἀζήμιοι,
881 937 938 1000 καί
965 929 1027 1020 οὑχ
1054 930 1287 1022 ὑποστησονται
1313 935 1402 1020 παρά
1428 951 1513 1004 τινος

247 1051 375 1122 ἀδικίαν
398 1055 418 1144 ἦ
443 1059 559 1142 ζημίαν
589 1062 659 1124 τινὰ
680 1056 701 1146 ἢ
726 1059 875 1146 ἐπήρειαν
902 1063 958 1124 καί
986 1057 1130 1124 όπίδεσιν
1157 1056 1350 1146 οίανδήτινα.
1373 1058 1426 1122 διὰ
1451 1061 1513 1142 γὰρ

245 1187 338 1246 τοῦτο
362 1176 502 1259 ἐγεγόνει
525 1185 581 1246 καί
608 1184 643 1245 τό
673 1185 773 1268 παρόν
804 1183 1041 1269 χρυσόβουλλυν
1073 1191 1128 1270 τῆς
1153 1182 1319 1265 βασιλείας
1350 1202 1425 1268 μου,
1456 1183 1514 1244 καί

246 1301 468 1390 ὑπεβριιβεὺθη
491 1306 547 1370 καί
570 1302 802 1393 ὑπεχορηγηὺη
826 1316 890 1379 τοῖς
914 1305 1138 1394 διαληρὺείσιν
1170 1303 1311 1378 ἐποίκοις
1341 1313 1397 1390 τῆς
1421 1302 1512 1385 Παρ-

245 1426 415 1504 τζαλόνας,
440 1435 496 1512 τῆς
519 1424 706 1506 Ῥαγυόνας,
734 1437 790 1514 της
812 1427 1024 1506 Κατελονίας,
1048 1437 1103 1514 της
1125 1426 1331 1512 Μαγιόρκας,
1362 1435 1418 1512 τῆς
1440 1425 1513 1492 Βα·

243 1550 399 1630 λιντζίας,
435 1559 491 1637 τῆς
525 1549 726 1636 Τουρτοόζας
760 1555 816 1618 καί
842 1563 902 1616 τῶν
927 1557 997 1638 περί
1024 1554 1141 1626 ταὺτας
1168 1549 1282 1638 ὑτίρων
1316 1561 1427 1637 χορῶν
1455 1558 1513 1614 τοὺ

243 1669 444 1761 ὑψηλοτάτου
468 1669 568 1760 ῥηγὺς
591 1672 764 1754 Ῥαγυόνας
786 1679 843 1740 καί
873 1675 1023 1748 Σικελίας
1047 1674 1091 1749 τίς
1115 1676 1283 1760 βεβαίωσιν
1311 1677 1368 1740 καί
1396 1674 1512 1763 δερόν-

244 1797 348 1862 δευσιν
371 1800 428 1864 καί
451 1795 638 1886 ἀσφάλειαν.
662 1802 691 1878 †.

331 1929 408 2000 Θήρ.
431 1930 530 1992 ίαόαίί.
552 1930 805 1990 Βατσίιίιιοιιεκείι,
829 1931 932 1987 mir
951 1929 986 1990 A.
1008 1931 1043 1986 άο
1058 1929 1219 2002 army,
1241 1929 1399 1986 Μινουκίου
1420 1929 1516 1984 δίστο-

243 2053 323 2108 ιόασο
338 2053 418 2116 arbre
434 2054 465 2108 ίο
479 2057 604 2118 πιστάκια,
623 2057 756 2110 τοικετνίο
768 2075 788 2126 ρ
802 2064 880 2112 σείει
894 2055 930 2110 do
944 2053 1119 2113 Βατστίοπα.
1136 2052 1267 2109 Μσάτίά.
1286 2051 1374 2110 1779.
1390 2050 1420 2106 2.
1438 2049 1482 2108 46
1486 2051 1513 2108 7.

243 2175 273 2234 0.
289 2176 326 2233 E.
343 2175 520 2240 Ζαολατάαε,
539 2176 592 2234 Ius
605 2195 789 2249 ymno—ron.
807 2175 837 2236 3.
856 2175 926 2238 606.

679 2467 787 2538 xxm.
805 2469 1064 2553 (6828-1320).

260 2633 426 2708 Imperator
440 2635 623 2693 Andronicus
639 2637 832 2710 Ραίσεοίοριιε
847 2639 941 2693 senior
954 2637 1157 2692 mercatoribus
1171 2635 1319 2709 Ηίεροπίσ
1330 2637 1487 2710 ρήαίίερία

802 2745 940 2834 ίοιριιιίι

325 2913 446 2994 ’γἘπεί
470 2911 487 2978 ό
511 2909 710 3002 ὑψηλότατος
725 2908 782 3000 ῥηξ
796 2909 979 2994 Ῥαγοόνας,
995 2911 1200 2991 Βαλτντζίας,
1218 2911 1400 3000 Σαρδενίας,
1415 2911 1509 3000 Κόρ-

237 3055 346 3114 σικας,
381 3042 494 3112 κόντος
527 3035 775 3122 Μπαρτῑελόνας
808 3040 865 3104 καί
893 3039 1108 3125 περιπόθητος
1139 3039 1228 3112 θεῖος
1260 3047 1315 3125 τῆς
1339 3036 1510 3122 βασιλείας

238 3183 307 3246 μου,
331 3165 428 3248 κυρὺς
451 3160 613 3246 Ἰάκωβος,
637 3158 822 3229 ἀπίστειλτν
846 3160 891 3233 εἰς
914 3161 970 3248 τήν
994 3162 1158 3245 βασιλείαν
1183 3183 1243 3248 μου
1259 3162 1382 3250 γραρην
1405 3154 1508 3228 αὑτοῦ

236 3288 400 3370 μετὰτῶν
424 3284 615 3352 Κατελάνων
637 3295 900 3371 πραγματευτιῖιν,
924 3293 979 3350 τοὺ
1001 3307 1035 3349 τε
1058 3283 1312 3372 Μπερεγκαρίου,
1336 3294 1392 3350 τοῦ
1411 3281 1509 3350 Mao-

236 3411 331 3472 νάτου
362 3406 498 3493 Ῥεντζη,
528 3415 584 3472 τοῦ
610 3407 813 3493 Γυυλλόλρου
834 3405 1052 3494 Μπερτυυλίνη
1083 3411 1140 3480 καί
1170 3416 1225 3472 τοῦ
1255 3405 1418 3494 Τομαζίου
1450 3412 1507 3472 ντὲ

235 3528 347 3609 Ποδίο,
371 3531 606 3617 δηλυποιοῦσαν
627 3533 705 3616 πρὸς
728 3532 784 3616 την
808 3530 974 3614 βασιλείαν
998 3549 1068 3615 μου,
1091 3527 1145 3594 ἵνα
1165 3530 1219 3596 διά
1235 3531 1382 3617 τηνπρὺς
1405 3526 1505 3594 αὑτὸν

234 3653 361 3742 ἀγάπην
384 3659 441 3719 καί
464 3659 597 3741 γνησίαν
621 3654 756 3740 στοργην
787 3661 842 3740 τῆς
867 3655 1032 3738 βασιλείας
1065 3675 1126 3740 μου
1156 3655 1275 3740 τύχωσι
1297 3657 1356 3741 μὲν
1380 3652 1409 3719 οἱ
1432 3675 1505 3720 τοι·

234 3785 322 3844 οὑτοι
343 3781 583 3863 πραγματευταί
614 3773 734 3862 ὑρισμιρ
756 3785 811 3862 τῆς
835 3777 1000 3860 βασιλείας
1024 3797 1084 3861 μου
1109 3775 1155 3850 είς
1177 3777 1233 3863 την
1263 3781 1371 3864 χώραν
1403 3773 1506 3865 αὑτῆς

235 3899 467 3988 όνενοχλησίας
491 3899 535 3974 εἰς
558 3903 594 3966 τό
619 3897 787 3987 ἑνεργησαι
810 3903 866 3972 τὰς
889 3901 1049 3974 δοκούσας
1065 3895 1171 3974 αὑτοῖς
1185 3906 1419 3989 πραγματείας,
1444 3902 1505 3967 σόν

235 4027 355 4098 τούτοις
379 4025 415 4089 δὲ
438 4027 518 4108 πάδη
542 4021 562 4112 ἡ
587 4025 735 4108 βασιλεία
765 4045 839 4110 μου,
870 4021 922 4088 ἵνα
942 4027 1000 4090 καί
1023 4019 1112 4090 αότοὶ
1135 4029 1191 4092 καί
1213 4024 1244 4090 οί
1266 4025 1361 4094 άλλοι
1382 4023 1413 4090 οὑ
1436 4025 1505 4092 ἀπὸ

233 4157 290 4216 τοῦ
313 4151 409 4213 τόπου
440 4143 543 4213 αὐτῶν
575 4148 744 4234 μέλλοντες
775 4147 932 4234 ἔρχεσθαι
963 4151 1017 4212 καί
1040 4146 1086 4222 εἰς
1109 4151 1144 4212 τό
1169 4149 1350 4236 ἔμπροσθεν
1373 4148 1418 4224 τίς
1442 4155 1505 4226 τὰς

232 4275 340 4358 χώρας
375 4279 431 4357 τῆς
459 4272 624 4354 βασιλείας
660 4293 720 4356 μου
754 4270 808 4336 διὰ
840 4275 1059 4357 πραγματείας
1092 4277 1272 4360 τυγχάνωσι
1309 4281 1366 4362 τῆς
1400 4267 1504 4362 αὐτῆς

233 4395 479 4483 άνενοχλησίας,
503 4393 523 4483 ἡ
549 4397 698 4479 βασιλεία
722 4417 783 4480 μου
806 4396 849 4482 μη
874 4400 970 4482 μόνον
993 4407 1085 4464 τοῦτο
1108 4399 1319 4484 προσεδέξατο
1338 4397 1442 4485 ἡδίως
1465 4423 1503 4466 τε

233 4522 290 4584 καί
313 4517 460 4606 ἑτοίμως,
485 4517 570 4586 ἀλλὰ
593 4519 649 4584 σόν
679 4520 779 4604 τοότιμ
809 4519 864 4582 διὰ
886 4519 942 4605 τήν
966 4517 1092 4606 ἀγάπην
1115 4524 1171 4586 καί
1193 4527 1326 4611 γνησίαν
1350 4525 1504 4610 στοργην,

231 4639 270 4728 ἣν
294 4641 339 4716 είς
363 4645 415 4708 τόν
440 4639 535 4710 αὑτόν
559 4638 757 4729 ὑψηλότατον
789 4636 873 4726 ῥηγα
896 4645 953 4706 καί
974 4645 1190 4731 περιπόθητον
1212 4649 1300 4712 δείον
1322 4655 1380 4734 τῆς
1404 4649 1505 4731 βασι-

231 4765 321 4840 λείας
337 4787 397 4852 μυυ
420 4771 586 4853 κέκτηται,
610 4765 744 4850 διίκρινε
767 4769 824 4832 καί
847 4765 950 4843 ἔταξε,
974 4770 1032 4832 καί
1053 4767 1184 4834 πλείονα
1199 4770 1385 4856 κυβίρνησιν
1409 4770 1506 4857 ἔχειν
