<?xml version="1.0" encoding="UTF-8"?>
<!DOCTYPE html PUBLIC "-//W3C//DTD XHTML 1.0 Transitional//EN"
    "http://www.w3.org/TR/xhtml1/DTD/xhtml1-transitional.dtd">
<html xmlns="http://www.w3.org/1999/xhtml" xml:lang="en" lang="en">
 <head>
  <title>
</title>
<meta http-equiv="Content-Type" content="text/html;charset=utf-8" />
  <meta name='ocr-system' content='tesseract 3.04.00' />
  <meta name='ocr-capabilities' content='ocr_page ocr_carea ocr_par ocr_line ocrx_word'/>
</head>
<body>
  <div class='ocr_page' id='page_1' title='image "./actaetdiplomata03miklgoog_0246.png"; bbox 0 0 3132 5268; ppageno 0'>
   <div class='ocr_carea' id='block_1_1' title="bbox 1279 337 1341 403">
    <p class='ocr_par' dir='ltr' id='par_1_1' title="bbox 1279 337 1341 403">
     <span class='ocr_line' id='line_1_1' title="bbox 1279 337 1341 403; baseline 0 -1"><span class='ocrx_word' id='word_1_1' title='bbox 1279 337 1341 403; x_wconf 82' lang='lat'><strong>211</strong></span> 
     </span>
    </p>
   </div>
   <div class='ocr_carea' id='block_1_2' title="bbox 83 531 1362 3968">
    <p class='ocr_par' dir='ltr' id='par_1_2' title="bbox 83 531 1362 3968">
     <span class='ocr_line' id='line_1_2' title="bbox 86 531 1345 626; baseline -0.005 -24"><span class='ocrx_word' id='word_1_2' title='bbox 86 536 154 603; x_wconf 81' lang='grc' dir='ltr'><strong>ἐτῶν</strong></span> <span class='ocrx_word' id='word_1_3' title='bbox 181 547 240 603; x_wconf 86' lang='grc' dir='ltr'><strong>τῶν</strong></span> <span class='ocrx_word' id='word_1_4' title='bbox 270 535 380 626; x_wconf 73' lang='grc' dir='ltr'><strong>ἐφεξῆς</strong></span> <span class='ocrx_word' id='word_1_5' title='bbox 410 535 641 624; x_wconf 83' lang='grc' dir='ltr'><strong>ὲλευσομίνων,</strong></span> <span class='ocrx_word' id='word_1_6' title='bbox 678 535 859 624; x_wconf 85' lang='grc' dir='ltr'><strong>ἀρχομίνης</strong></span> <span class='ocrx_word' id='word_1_7' title='bbox 887 545 944 623; x_wconf 84' lang='grc' dir='ltr'><strong>τῆς</strong></span> <span class='ocrx_word' id='word_1_8' title='bbox 971 537 1100 621; x_wconf 88' lang='grc' dir='ltr'><strong>διωρίας</strong></span> <span class='ocrx_word' id='word_1_9' title='bbox 1131 543 1191 598; x_wconf 85' lang='grc' dir='ltr'><strong>τῶν</strong></span> <span class='ocrx_word' id='word_1_10' title='bbox 1216 531 1345 619; x_wconf 79' lang='grc' dir='ltr'><strong>εἰρημί-</strong></span> 
     </span>
     <span class='ocr_line' id='line_1_3' title="bbox 86 657 1347 748; baseline -0.005 -22"><span class='ocrx_word' id='word_1_11' title='bbox 86 681 137 726; x_wconf 78' lang='grc' dir='ltr'><strong>νυν</strong></span> <span class='ocrx_word' id='word_1_12' title='bbox 163 666 288 748; x_wconf 89' lang='grc' dir='ltr'><strong>χρόνων</strong></span> <span class='ocrx_word' id='word_1_13' title='bbox 316 657 379 728; x_wconf 86' lang='grc' dir='ltr'><strong>ἀπό</strong></span> <span class='ocrx_word' id='word_1_14' title='bbox 407 670 464 748; x_wconf 83' lang='grc' dir='ltr'><strong>τῆς</strong></span> <span class='ocrx_word' id='word_1_15' title='bbox 490 657 613 748; x_wconf 80' lang='grc' dir='ltr'><strong>ἡμίρας</strong></span> <span class='ocrx_word' id='word_1_16' title='bbox 641 669 697 747; x_wconf 76' lang='grc' dir='ltr'><strong>τῆς</strong></span> <span class='ocrx_word' id='word_1_17' title='bbox 725 661 928 745; x_wconf 74' lang='grc' dir='ltr'><strong>βεβαιώσεως</strong></span> <span class='ocrx_word' id='word_1_18' title='bbox 955 667 1010 724; x_wconf 82' lang='grc' dir='ltr'><strong>τοῦ</strong></span> <span class='ocrx_word' id='word_1_19' title='bbox 1039 661 1196 743; x_wconf 90' lang='grc' dir='ltr'><strong>παρόντος</strong></span> <span class='ocrx_word' id='word_1_20' title='bbox 1224 657 1347 743; x_wconf 81' lang='grc' dir='ltr'><strong>συμβο-</strong></span> 
     </span>
     <span class='ocr_line' id='line_1_4' title="bbox 86 779 1349 874; baseline -0.003 -24"><span class='ocrx_word' id='word_1_21' title='bbox 86 787 179 859; x_wconf 89' lang='grc' dir='ltr'><strong>λαίου,</strong></span> <span class='ocrx_word' id='word_1_22' title='bbox 202 787 354 874; x_wconf 91' lang='grc' dir='ltr'><strong>δηλονότι</strong></span> <span class='ocrx_word' id='word_1_23' title='bbox 375 781 481 872; x_wconf 69' lang='grc' dir='ltr'><strong>ἡμέρη</strong></span> <span class='ocrx_word' id='word_1_24' title='bbox 505 785 548 850; x_wconf 71' lang='grc' dir='ltr'><strong>ιβ’</strong></span> <span class='ocrx_word' id='word_1_25' title='bbox 571 793 626 850; x_wconf 78' lang='grc' dir='ltr'><strong>τοῦ</strong></span> <span class='ocrx_word' id='word_1_26' title='bbox 651 786 848 872; x_wconf 89' lang='grc' dir='ltr'><strong>οτπτεβρίου,</strong></span> <span class='ocrx_word' id='word_1_27' title='bbox 877 784 1071 870; x_wconf 76' lang='grc' dir='ltr'><strong>διαιροῦντες</strong></span> <span class='ocrx_word' id='word_1_28' title='bbox 1094 783 1153 856; x_wconf 91' lang='grc' dir='ltr'><strong>τάς</strong></span> <span class='ocrx_word' id='word_1_29' title='bbox 1180 779 1349 868; x_wconf 82' lang='grc' dir='ltr'><strong>είρημίνας</strong></span> 
     </span>
     <span class='ocr_line' id='line_1_5' title="bbox 85 905 1350 998; baseline -0.003 -24"><span class='ocrx_word' id='word_1_30' title='bbox 85 911 239 976; x_wconf 80' lang='grc' dir='ltr'><strong>δεκαεπτά</strong></span> <span class='ocrx_word' id='word_1_31' title='bbox 272 911 425 998; x_wconf 74' lang='grc' dir='ltr'><strong>χιλιάδας</strong></span> <span class='ocrx_word' id='word_1_32' title='bbox 459 913 498 976; x_wconf 81' lang='grc' dir='ltr'><strong>τὰ</strong></span> <span class='ocrx_word' id='word_1_33' title='bbox 532 908 693 997; x_wconf 82' lang='grc' dir='ltr'><strong>όπίρπυρα</strong></span> <span class='ocrx_word' id='word_1_34' title='bbox 727 913 783 975; x_wconf 84' lang='grc' dir='ltr'><strong>καί</strong></span> <span class='ocrx_word' id='word_1_35' title='bbox 817 908 932 974; x_wconf 69' lang='grc' dir='ltr'><strong>ἑκατόν</strong></span> <span class='ocrx_word' id='word_1_36' title='bbox 967 905 1122 995; x_wconf 74' lang='grc' dir='ltr'><strong>ίξήκοντα</strong></span> <span class='ocrx_word' id='word_1_37' title='bbox 1160 911 1231 992; x_wconf 89' lang='grc' dir='ltr'><strong>τρία</strong></span> <span class='ocrx_word' id='word_1_38' title='bbox 1264 907 1350 972; x_wconf 81' lang='grc' dir='ltr'><strong>κατὰ</strong></span> 
     </span>
     <span class='ocr_line' id='line_1_6' title="bbox 83 1031 1351 1120; baseline -0.003 -22"><span class='ocrx_word' id='word_1_39' title='bbox 83 1039 216 1120; x_wconf 88' lang='grc' dir='ltr'><strong>τίμπτον</strong></span> <span class='ocrx_word' id='word_1_40' title='bbox 239 1039 295 1100; x_wconf 86' lang='grc' dir='ltr'><strong>καί</strong></span> <span class='ocrx_word' id='word_1_41' title='bbox 319 1033 525 1108; x_wconf 85' lang='grc' dir='ltr'><strong>ἀποδιδόντες</strong></span> <span class='ocrx_word' id='word_1_42' title='bbox 547 1031 617 1098; x_wconf 85' lang='grc' dir='ltr'><strong>κατ’</strong></span> <span class='ocrx_word' id='word_1_43' title='bbox 642 1031 783 1098; x_wconf 77' lang='grc' dir='ltr'><strong>λνιαυτόν</strong></span> <span class='ocrx_word' id='word_1_44' title='bbox 806 1035 842 1098; x_wconf 85' lang='grc' dir='ltr'><strong>τό</strong></span> <span class='ocrx_word' id='word_1_45' title='bbox 867 1031 1038 1117; x_wconf 80' lang='grc' dir='ltr'><strong>ίπιβάλλον</strong></span> <span class='ocrx_word' id='word_1_46' title='bbox 1063 1035 1173 1117; x_wconf 83' lang='grc' dir='ltr'><strong>μόρος,</strong></span> <span class='ocrx_word' id='word_1_47' title='bbox 1201 1031 1351 1119; x_wconf 91' lang='grc' dir='ltr'><strong>δηλονότι</strong></span> 
     </span>
     <span class='ocr_line' id='line_1_7' title="bbox 85 1123 1362 1246; baseline -0.003 -24"><span class='ocrx_word' id='word_1_48' title='bbox 85 1161 114 1222; x_wconf 86' lang='grc' dir='ltr'><strong>τό</strong></span> <span class='ocrx_word' id='word_1_49' title='bbox 145 1162 299 1246; x_wconf 85' lang='grc' dir='ltr'><strong>πίμππον,</strong></span> <span class='ocrx_word' id='word_1_50' title='bbox 335 1155 412 1245; x_wconf 82' lang='grc' dir='ltr'><strong>ὅπερ</strong></span> <span class='ocrx_word' id='word_1_51' title='bbox 446 1156 530 1224; x_wconf 73' lang='grc' dir='ltr'><strong>ἀστίν</strong></span> <span class='ocrx_word' id='word_1_52' title='bbox 565 1154 725 1245; x_wconf 85' lang='grc' dir='ltr'><strong>όπίρπυρα</strong></span> <span class='ocrx_word' id='word_1_53' title='bbox 759 1159 921 1244; x_wconf 76' lang='grc' dir='ltr'><strong>τρισχίλια</strong></span> <span class='ocrx_word' id='word_1_54' title='bbox 955 1160 1148 1244; x_wconf 84' lang='grc' dir='ltr'><strong>τετρακόσια</strong></span> <span class='ocrx_word' id='word_1_55' title='bbox 1179 1123 1362 1244; x_wconf 84' lang='grc' dir='ltr'><strong>τριάκοντα</strong></span> 
     </span>
     <span class='ocr_line' id='line_1_8' title="bbox 84 1275 1350 1369; baseline -0.002 -23"><span class='ocrx_word' id='word_1_56' title='bbox 84 1282 145 1363; x_wconf 87' lang='grc' dir='ltr'><strong>δόο,</strong></span> <span class='ocrx_word' id='word_1_57' title='bbox 169 1285 290 1346; x_wconf 82' lang='grc' dir='ltr'><strong>αοκκία</strong></span> <span class='ocrx_word' id='word_1_58' title='bbox 306 1281 531 1367; x_wconf 80' lang='grc' dir='ltr'><strong>δεκατόσσαρα</strong></span> <span class='ocrx_word' id='word_1_59' title='bbox 554 1277 652 1368; x_wconf 78' lang='grc' dir='ltr'><strong>ἥμισυ</strong></span> <span class='ocrx_word' id='word_1_60' title='bbox 675 1279 695 1369; x_wconf 77' lang='grc' dir='ltr'><strong><em>ἢ</em></strong></span> <span class='ocrx_word' id='word_1_61' title='bbox 721 1279 864 1361; x_wconf 76' lang='grc' dir='ltr'><strong>ἔγγιστα,</strong></span> <span class='ocrx_word' id='word_1_62' title='bbox 887 1278 944 1345; x_wconf 86' lang='grc' dir='ltr'><strong>καὶ</strong></span> <span class='ocrx_word' id='word_1_63' title='bbox 968 1275 1049 1344; x_wconf 82' lang='grc' dir='ltr'><strong>οότω</strong></span> <span class='ocrx_word' id='word_1_64' title='bbox 1072 1281 1157 1344; x_wconf 79' lang='grc' dir='ltr'><strong>κατὰ</strong></span> <span class='ocrx_word' id='word_1_65' title='bbox 1180 1279 1350 1366; x_wconf 70' lang='grc' dir='ltr'><strong>διαδοχήν,</strong></span> 
     </span>
     <span class='ocr_line' id='line_1_9' title="bbox 86 1401 1351 1492; baseline -0.005 -21"><span class='ocrx_word' id='word_1_66' title='bbox 86 1411 192 1492; x_wconf 80' lang='grc' dir='ltr'><strong>μίχμις</strong></span> <span class='ocrx_word' id='word_1_67' title='bbox 220 1401 259 1470; x_wconf 82' lang='grc' dir='ltr'><strong>ἀν</strong></span> <span class='ocrx_word' id='word_1_68' title='bbox 286 1405 445 1492; x_wconf 75' lang='grc' dir='ltr'><strong>πληρωδη</strong></span> <span class='ocrx_word' id='word_1_69' title='bbox 472 1401 493 1492; x_wconf 77' lang='grc' dir='ltr'>ἡ</span> <span class='ocrx_word' id='word_1_70' title='bbox 522 1402 701 1492; x_wconf 77' lang='grc' dir='ltr'><strong>ἀπόφλησις</strong></span> <span class='ocrx_word' id='word_1_71' title='bbox 729 1413 789 1470; x_wconf 91' lang='grc' dir='ltr'><strong>τῶν</strong></span> <span class='ocrx_word' id='word_1_72' title='bbox 814 1402 984 1490; x_wconf 82' lang='grc' dir='ltr'><strong>είρημόνων</strong></span> <span class='ocrx_word' id='word_1_73' title='bbox 1008 1404 1171 1468; x_wconf 82' lang='grc' dir='ltr'><strong>δεκαεπτὰ</strong></span> <span class='ocrx_word' id='word_1_74' title='bbox 1197 1403 1351 1489; x_wconf 78' lang='grc' dir='ltr'><strong>χιλιάδων</strong></span> 
     </span>
     <span class='ocr_line' id='line_1_10' title="bbox 85 1524 1352 1617; baseline -0.005 -22"><span class='ocrx_word' id='word_1_75' title='bbox 85 1525 260 1616; x_wconf 71' lang='grc' dir='ltr'><strong>ὑπεραίρων</strong></span> <span class='ocrx_word' id='word_1_76' title='bbox 283 1533 339 1594; x_wconf 89' lang='grc' dir='ltr'><strong>καί</strong></span> <span class='ocrx_word' id='word_1_77' title='bbox 363 1527 477 1594; x_wconf 78' lang='grc' dir='ltr'><strong>όκατόν</strong></span> <span class='ocrx_word' id='word_1_78' title='bbox 501 1527 657 1617; x_wconf 73' lang='grc' dir='ltr'><strong>όξήποντα</strong></span> <span class='ocrx_word' id='word_1_79' title='bbox 679 1537 787 1614; x_wconf 88' lang='grc' dir='ltr'><strong>τριῶν,</strong></span> <span class='ocrx_word' id='word_1_80' title='bbox 810 1531 866 1592; x_wconf 89' lang='grc' dir='ltr'><strong>καί</strong></span> <span class='ocrx_word' id='word_1_81' title='bbox 890 1525 1165 1614; x_wconf 79' lang='grc' dir='ltr'><strong>ἱκανοποιησωμτν</strong></span> <span class='ocrx_word' id='word_1_82' title='bbox 1189 1524 1352 1612; x_wconf 84' lang='grc' dir='ltr'><strong>ἀκεραίως</strong></span> 
     </span>
     <span class='ocr_line' id='line_1_11' title="bbox 86 1649 1353 1741; baseline -0.002 -24"><span class='ocrx_word' id='word_1_83' title='bbox 86 1651 114 1718; x_wconf 81' lang='grc' dir='ltr'><strong>ίν</strong></span> <span class='ocrx_word' id='word_1_84' title='bbox 136 1663 203 1728; x_wconf 76' lang='grc' dir='ltr'><strong>ταῖς</strong></span> <span class='ocrx_word' id='word_1_85' title='bbox 227 1652 409 1741; x_wconf 73' lang='grc' dir='ltr'><strong>εἰρημίναις</strong></span> <span class='ocrx_word' id='word_1_86' title='bbox 431 1653 573 1739; x_wconf 87' lang='grc' dir='ltr'><strong>διωρίαις</strong></span> <span class='ocrx_word' id='word_1_87' title='bbox 593 1661 654 1716; x_wconf 87' lang='grc' dir='ltr'><strong>τῶν</strong></span> <span class='ocrx_word' id='word_1_88' title='bbox 676 1655 911 1738; x_wconf 88' lang='grc' dir='ltr'><strong>προειρημίνων</strong></span> <span class='ocrx_word' id='word_1_89' title='bbox 934 1655 1026 1718; x_wconf 83' lang='grc' dir='ltr'><strong>πίντε</strong></span> <span class='ocrx_word' id='word_1_90' title='bbox 1050 1649 1138 1730; x_wconf 80' lang='grc' dir='ltr'><strong>λτῶν,</strong></span> <span class='ocrx_word' id='word_1_91' title='bbox 1163 1653 1353 1716; x_wconf 79' lang='grc' dir='ltr'><strong>συντάττων·</strong></span> 
     </span>
     <span class='ocr_line' id='line_1_12' title="bbox 86 1769 1353 1863; baseline -0.002 -23"><span class='ocrx_word' id='word_1_92' title='bbox 86 1799 133 1850; x_wconf 89' lang='grc' dir='ltr'><strong>τες</strong></span> <span class='ocrx_word' id='word_1_93' title='bbox 157 1775 190 1854; x_wconf 72' lang='grc' dir='ltr'><strong>λε</strong></span> <span class='ocrx_word' id='word_1_94' title='bbox 213 1775 357 1842; x_wconf 81' lang='grc' dir='ltr'><strong>ίνιαυτοό</strong></span> <span class='ocrx_word' id='word_1_95' title='bbox 381 1775 427 1850; x_wconf 85' lang='grc' dir='ltr'><strong>είς</strong></span> <span class='ocrx_word' id='word_1_96' title='bbox 450 1773 592 1842; x_wconf 79' lang='grc' dir='ltr'><strong>ίνιαυτόν</strong></span> <span class='ocrx_word' id='word_1_97' title='bbox 622 1779 708 1842; x_wconf 80' lang='grc' dir='ltr'><strong>κατὰ</strong></span> <span class='ocrx_word' id='word_1_98' title='bbox 730 1776 905 1863; x_wconf 78' lang='grc' dir='ltr'><strong>διαδοχὴν,</strong></span> <span class='ocrx_word' id='word_1_99' title='bbox 939 1775 1089 1862; x_wconf 92' lang='grc' dir='ltr'><strong>δηλονότι</strong></span> <span class='ocrx_word' id='word_1_100' title='bbox 1117 1771 1179 1840; x_wconf 86' lang='grc' dir='ltr'><strong>ἀπό</strong></span> <span class='ocrx_word' id='word_1_101' title='bbox 1208 1781 1264 1840; x_wconf 82' lang='grc' dir='ltr'><strong>ποῶ</strong></span> <span class='ocrx_word' id='word_1_102' title='bbox 1292 1769 1353 1838; x_wconf 81' lang='grc' dir='ltr'><strong>όκ-</strong></span> 
     </span>
     <span class='ocr_line' id='line_1_13' title="bbox 87 1893 1354 1988; baseline -0.003 -24"><span class='ocrx_word' id='word_1_103' title='bbox 87 1901 214 1986; x_wconf 73' lang='grc' dir='ltr'><strong>τυβρίου</strong></span> <span class='ocrx_word' id='word_1_104' title='bbox 242 1903 356 1988; x_wconf 89' lang='grc' dir='ltr'><strong>μηνός,</strong></span> <span class='ocrx_word' id='word_1_105' title='bbox 392 1897 435 1974; x_wconf 72' lang='grc' dir='ltr'><strong>ὣς</strong></span> <span class='ocrx_word' id='word_1_106' title='bbox 461 1903 663 1988; x_wconf 85' lang='grc' dir='ltr'><strong>προείρηται,</strong></span> <span class='ocrx_word' id='word_1_107' title='bbox 699 1899 721 1964; x_wconf 80' lang='grc' dir='ltr'><strong>ά</strong></span> <span class='ocrx_word' id='word_1_108' title='bbox 747 1900 788 1986; x_wconf 81' lang='grc' dir='ltr'><strong>δὴ</strong></span> <span class='ocrx_word' id='word_1_109' title='bbox 816 1901 920 1963; x_wconf 88' lang='grc' dir='ltr'><strong>πάντα</strong></span> <span class='ocrx_word' id='word_1_110' title='bbox 946 1893 1106 1984; x_wconf 79' lang='grc' dir='ltr'><strong>δπίρπυρα</strong></span> <span class='ocrx_word' id='word_1_111' title='bbox 1129 1898 1274 1984; x_wconf 86' lang='grc' dir='ltr'><strong>δῶσομεν</strong></span> <span class='ocrx_word' id='word_1_112' title='bbox 1297 1899 1354 1962; x_wconf 85' lang='grc' dir='ltr'><strong>καί</strong></span> 
     </span>
     <span class='ocr_line' id='line_1_14' title="bbox 88 2021 1354 2114; baseline -0.002 -28"><span class='ocrx_word' id='word_1_113' title='bbox 88 2021 310 2114; x_wconf 76' lang='grc' dir='ltr'><strong>ἀπορλήσομεν</strong></span> <span class='ocrx_word' id='word_1_114' title='bbox 338 2021 372 2088; x_wconf 80' lang='grc' dir='ltr'><strong>όν</strong></span> <span class='ocrx_word' id='word_1_115' title='bbox 395 2033 459 2096; x_wconf 87' lang='grc' dir='ltr'><strong>τοίς</strong></span> <span class='ocrx_word' id='word_1_116' title='bbox 487 2021 664 2110; x_wconf 81' lang='grc' dir='ltr'><strong>είρημόνοις</strong></span> <span class='ocrx_word' id='word_1_117' title='bbox 692 2034 816 2108; x_wconf 81' lang='grc' dir='ltr'><strong>καιροῖς</strong></span> <span class='ocrx_word' id='word_1_118' title='bbox 842 2025 900 2087; x_wconf 86' lang='grc' dir='ltr'><strong>καί</strong></span> <span class='ocrx_word' id='word_1_119' title='bbox 926 2021 1070 2108; x_wconf 90' lang='grc' dir='ltr'><strong>διωρίαις</strong></span> <span class='ocrx_word' id='word_1_120' title='bbox 1096 2023 1201 2108; x_wconf 82' lang='grc' dir='ltr'><strong>πάσης</strong></span> <span class='ocrx_word' id='word_1_121' title='bbox 1227 2023 1354 2109; x_wconf 78' lang='grc' dir='ltr'><strong>προμά-</strong></span> 
     </span>
     <span class='ocr_line' id='line_1_15' title="bbox 88 2143 1355 2234; baseline -0.003 -22"><span class='ocrx_word' id='word_1_122' title='bbox 88 2171 162 2222; x_wconf 85' lang='grc' dir='ltr'><strong>σεως</strong></span> <span class='ocrx_word' id='word_1_123' title='bbox 185 2146 416 2234; x_wconf 65' lang='grc' dir='ltr'><strong>ἀναιρουμένης</strong></span> <span class='ocrx_word' id='word_1_124' title='bbox 446 2143 478 2210; x_wconf 80' lang='grc' dir='ltr'><strong>ίν</strong></span> <span class='ocrx_word' id='word_1_125' title='bbox 501 2151 594 2232; x_wconf 86' lang='grc' dir='ltr'><strong>χιροί</strong></span> <span class='ocrx_word' id='word_1_126' title='bbox 617 2153 673 2210; x_wconf 87' lang='grc' dir='ltr'><strong>τοδ</strong></span> <span class='ocrx_word' id='word_1_127' title='bbox 697 2145 873 2231; x_wconf 87' lang='grc' dir='ltr'><strong>μπαίοόλυυ</strong></span> <span class='ocrx_word' id='word_1_128' title='bbox 901 2155 961 2210; x_wconf 92' lang='grc' dir='ltr'><strong>τῶν</strong></span> <span class='ocrx_word' id='word_1_129' title='bbox 983 2143 1158 2211; x_wconf 86' lang='grc' dir='ltr'><strong>Βενττίκων</strong></span> <span class='ocrx_word' id='word_1_130' title='bbox 1186 2151 1241 2208; x_wconf 85' lang='grc' dir='ltr'><strong>τοό</strong></span> <span class='ocrx_word' id='word_1_131' title='bbox 1268 2145 1355 2208; x_wconf 80' lang='grc' dir='ltr'><strong>κατὰ</strong></span> 
     </span>
     <span class='ocr_line' id='line_1_16' title="bbox 87 2263 1354 2357; baseline -0.002 -23"><span class='ocrx_word' id='word_1_132' title='bbox 87 2274 192 2357; x_wconf 83' lang='grc' dir='ltr'><strong>καιρόν</strong></span> <span class='ocrx_word' id='word_1_133' title='bbox 231 2267 460 2357; x_wconf 82' lang='grc' dir='ltr'><strong>εόρισκομίνυυ</strong></span> <span class='ocrx_word' id='word_1_134' title='bbox 497 2267 530 2334; x_wconf 73' lang='grc' dir='ltr'><strong>ἀν</strong></span> <span class='ocrx_word' id='word_1_135' title='bbox 564 2269 895 2338; x_wconf 83' lang='grc' dir='ltr'><strong>Κωνσταντινουπόλτι</strong></span> <span class='ocrx_word' id='word_1_136' title='bbox 931 2267 952 2357; x_wconf 80' lang='grc' dir='ltr'><strong>ἢ</strong></span> <span class='ocrx_word' id='word_1_137' title='bbox 988 2267 1073 2356; x_wconf 73' lang='grc' dir='ltr'><strong>ᾧτινι</strong></span> <span class='ocrx_word' id='word_1_138' title='bbox 1110 2266 1131 2356; x_wconf 68' lang='grc' dir='ltr'><strong>ἢ</strong></span> <span class='ocrx_word' id='word_1_139' title='bbox 1171 2265 1302 2333; x_wconf 77' lang='grc' dir='ltr'><strong>οἷστισιν</strong></span> <span class='ocrx_word' id='word_1_140' title='bbox 1337 2263 1354 2331; x_wconf 82' lang='grc' dir='ltr'><strong>ό</strong></span> 
     </span>
     <span class='ocr_line' id='line_1_17' title="bbox 85 2379 1354 2482; baseline -0.005 -22"><span class='ocrx_word' id='word_1_141' title='bbox 85 2403 141 2482; x_wconf 78' lang='grc' dir='ltr'><strong>κόρ</strong></span> <span class='ocrx_word' id='word_1_142' title='bbox 166 2395 241 2470; x_wconf 71' lang='grc' dir='ltr'><strong>δοόξ</strong></span> <span class='ocrx_word' id='word_1_143' title='bbox 263 2397 320 2460; x_wconf 81' lang='grc' dir='ltr'><strong>καί</strong></span> <span class='ocrx_word' id='word_1_144' title='bbox 343 2396 379 2459; x_wconf 87' lang='grc' dir='ltr'><strong>τό</strong></span> <span class='ocrx_word' id='word_1_145' title='bbox 402 2395 591 2479; x_wconf 81' lang='grc' dir='ltr'><strong>κουμυόνιον</strong></span> <span class='ocrx_word' id='word_1_146' title='bbox 615 2379 764 2466; x_wconf 84' lang='grc' dir='ltr'><strong>Βενετίας</strong></span> <span class='ocrx_word' id='word_1_147' title='bbox 788 2391 984 2472; x_wconf 74' lang='grc' dir='ltr'><strong>ἀποτάξωσι,</strong></span> <span class='ocrx_word' id='word_1_148' title='bbox 1020 2395 1209 2477; x_wconf 71' lang='grc' dir='ltr'><strong>σωζομίνων</strong></span> <span class='ocrx_word' id='word_1_149' title='bbox 1243 2391 1354 2456; x_wconf 81' lang='grc' dir='ltr'><strong>διόλου</strong></span> 
     </span>
     <span class='ocr_line' id='line_1_18' title="bbox 86 2515 1354 2607; baseline -0.004 -25"><span class='ocrx_word' id='word_1_150' title='bbox 86 2515 139 2582; x_wconf 84' lang='grc' dir='ltr'><strong>καὶ</strong></span> <span class='ocrx_word' id='word_1_151' title='bbox 171 2519 414 2607; x_wconf 77' lang='grc' dir='ltr'><strong>φυλαττομίνων</strong></span> <span class='ocrx_word' id='word_1_152' title='bbox 447 2527 557 2582; x_wconf 89' lang='grc' dir='ltr'><strong>πασῶν</strong></span> <span class='ocrx_word' id='word_1_153' title='bbox 592 2520 648 2582; x_wconf 83' lang='grc' dir='ltr'><strong>καί</strong></span> <span class='ocrx_word' id='word_1_154' title='bbox 675 2515 819 2582; x_wconf 75' lang='grc' dir='ltr'><strong>ίκάοτων</strong></span> <span class='ocrx_word' id='word_1_155' title='bbox 854 2519 973 2603; x_wconf 73' lang='grc' dir='ltr'><strong>ζημιῶν</strong></span> <span class='ocrx_word' id='word_1_156' title='bbox 1001 2526 1061 2582; x_wconf 91' lang='grc' dir='ltr'><strong>τῶν</strong></span> <span class='ocrx_word' id='word_1_157' title='bbox 1088 2515 1265 2582; x_wconf 86' lang='grc' dir='ltr'><strong>Βενετίκυν</strong></span> <span class='ocrx_word' id='word_1_158' title='bbox 1294 2524 1354 2578; x_wconf 91' lang='grc' dir='ltr'><strong>τῶν</strong></span> 
     </span>
     <span class='ocr_line' id='line_1_19' title="bbox 87 2637 1354 2728; baseline -0.003 -22"><span class='ocrx_word' id='word_1_159' title='bbox 87 2641 363 2728; x_wconf 77' lang='grc' dir='ltr'><strong>μητεταγμόνων,</strong></span> <span class='ocrx_word' id='word_1_160' title='bbox 398 2639 449 2714; x_wconf 87' lang='grc' dir='ltr'><strong>αίς</strong></span> <span class='ocrx_word' id='word_1_161' title='bbox 477 2642 530 2706; x_wconf 88' lang='grc' dir='ltr'><strong>διά</strong></span> <span class='ocrx_word' id='word_1_162' title='bbox 559 2649 615 2727; x_wconf 82' lang='grc' dir='ltr'><strong>τῆς</strong></span> <span class='ocrx_word' id='word_1_163' title='bbox 648 2641 811 2728; x_wconf 73' lang='grc' dir='ltr'><strong>παρούσης</strong></span> <span class='ocrx_word' id='word_1_164' title='bbox 846 2641 961 2726; x_wconf 84' lang='grc' dir='ltr'><strong>τρόβας</strong></span> <span class='ocrx_word' id='word_1_165' title='bbox 990 2641 1033 2727; x_wconf 80' lang='grc' dir='ltr'><strong>μή</strong></span> <span class='ocrx_word' id='word_1_166' title='bbox 1064 2637 1145 2706; x_wconf 81' lang='grc' dir='ltr'><strong>ίοτια</strong></span> <span class='ocrx_word' id='word_1_167' title='bbox 1171 2637 1354 2715; x_wconf 64' lang='grc' dir='ltr'><strong>ἐλάττωσις,</strong></span> 
     </span>
     <span class='ocr_line' id='line_1_20' title="bbox 85 2759 1355 2852; baseline -0.004 -22"><span class='ocrx_word' id='word_1_168' title='bbox 85 2769 138 2830; x_wconf 87' lang='grc' dir='ltr'><strong>καί</strong></span> <span class='ocrx_word' id='word_1_169' title='bbox 159 2768 195 2830; x_wconf 88' lang='grc' dir='ltr'><strong>τό</strong></span> <span class='ocrx_word' id='word_1_170' title='bbox 224 2763 381 2830; x_wconf 85' lang='grc' dir='ltr'><strong>ἀνάπαλιν</strong></span> <span class='ocrx_word' id='word_1_171' title='bbox 408 2769 465 2830; x_wconf 87' lang='grc' dir='ltr'><strong>καί</strong></span> <span class='ocrx_word' id='word_1_172' title='bbox 493 2768 680 2852; x_wconf 73' lang='grc' dir='ltr'><strong>σωζομίνων</strong></span> <span class='ocrx_word' id='word_1_173' title='bbox 707 2765 816 2830; x_wconf 89' lang='grc' dir='ltr'><strong>διόλου</strong></span> <span class='ocrx_word' id='word_1_174' title='bbox 843 2766 900 2828; x_wconf 82' lang='grc' dir='ltr'><strong>καί</strong></span> <span class='ocrx_word' id='word_1_175' title='bbox 925 2766 1167 2852; x_wconf 81' lang='grc' dir='ltr'><strong>ρυλαττομίνων</strong></span> <span class='ocrx_word' id='word_1_176' title='bbox 1197 2759 1355 2847; x_wconf 83' lang='grc' dir='ltr'><strong>ἀκεραίως</strong></span> 
     </span>
     <span class='ocr_line' id='line_1_21' title="bbox 86 2887 1355 2976; baseline -0.003 -24"><span class='ocrx_word' id='word_1_177' title='bbox 86 2888 205 2976; x_wconf 76' lang='grc' dir='ltr'><strong>καὶτῷ</strong></span> <span class='ocrx_word' id='word_1_178' title='bbox 227 2887 312 2976; x_wconf 84' lang='grc' dir='ltr'><strong>κυρῷ</strong></span> <span class='ocrx_word' id='word_1_179' title='bbox 336 2889 430 2954; x_wconf 87' lang='grc' dir='ltr'><strong>δουκί</strong></span> <span class='ocrx_word' id='word_1_180' title='bbox 452 2893 509 2954; x_wconf 84' lang='grc' dir='ltr'><strong>καί</strong></span> <span class='ocrx_word' id='word_1_181' title='bbox 532 2889 776 2976; x_wconf 74' lang='grc' dir='ltr'><strong>τῴκουμουνίιμ</strong></span> <span class='ocrx_word' id='word_1_182' title='bbox 804 2887 954 2963; x_wconf 85' lang='grc' dir='ltr'><strong>Βενετίας</strong></span> <span class='ocrx_word' id='word_1_183' title='bbox 980 2891 1105 2954; x_wconf 86' lang='grc' dir='ltr'><strong>πάντων</strong></span> <span class='ocrx_word' id='word_1_184' title='bbox 1134 2897 1194 2953; x_wconf 88' lang='grc' dir='ltr'><strong>τῶν</strong></span> <span class='ocrx_word' id='word_1_185' title='bbox 1221 2887 1355 2952; x_wconf 87' lang='grc' dir='ltr'><strong>δικαίων</strong></span> 
     </span>
     <span class='ocr_line' id='line_1_22' title="bbox 85 3010 1356 3099; baseline -0.002 -23"><span class='ocrx_word' id='word_1_186' title='bbox 85 3017 140 3077; x_wconf 84' lang='grc' dir='ltr'><strong>καί</strong></span> <span class='ocrx_word' id='word_1_187' title='bbox 167 3011 316 3093; x_wconf 86' lang='grc' dir='ltr'><strong>ἀγωγῶν,</strong></span> <span class='ocrx_word' id='word_1_188' title='bbox 353 3013 436 3099; x_wconf 79' lang='grc' dir='ltr'><strong>ἀδη</strong></span> <span class='ocrx_word' id='word_1_189' title='bbox 460 3017 517 3078; x_wconf 88' lang='grc' dir='ltr'><strong>καί</strong></span> <span class='ocrx_word' id='word_1_190' title='bbox 541 3013 579 3086; x_wconf 81' lang='grc' dir='ltr'><strong>ἃς</strong></span> <span class='ocrx_word' id='word_1_191' title='bbox 603 3010 620 3078; x_wconf 85' lang='grc' dir='ltr'><strong>ό</strong></span> <span class='ocrx_word' id='word_1_192' title='bbox 643 3021 703 3099; x_wconf 85' lang='grc' dir='ltr'><strong>κδρ</strong></span> <span class='ocrx_word' id='word_1_193' title='bbox 737 3014 813 3088; x_wconf 78' lang='grc' dir='ltr'><strong>δοόξ</strong></span> <span class='ocrx_word' id='word_1_194' title='bbox 835 3011 891 3078; x_wconf 85' lang='grc' dir='ltr'><strong>καὶ</strong></span> <span class='ocrx_word' id='word_1_195' title='bbox 919 3015 954 3078; x_wconf 90' lang='grc' dir='ltr'><strong>τό</strong></span> <span class='ocrx_word' id='word_1_196' title='bbox 981 3014 1171 3098; x_wconf 82' lang='grc' dir='ltr'><strong>κουμοόνιον</strong></span> <span class='ocrx_word' id='word_1_197' title='bbox 1205 3010 1356 3082; x_wconf 84' lang='grc' dir='ltr'><strong>Βενετίας</strong></span> 
     </span>
     <span class='ocr_line' id='line_1_23' title="bbox 86 3131 1355 3224; baseline -0.002 -24"><span class='ocrx_word' id='word_1_198' title='bbox 86 3136 198 3224; x_wconf 68' lang='grc' dir='ltr'><strong>ἔχουσι</strong></span> <span class='ocrx_word' id='word_1_199' title='bbox 224 3141 281 3203; x_wconf 87' lang='grc' dir='ltr'><strong>καί</strong></span> <span class='ocrx_word' id='word_1_200' title='bbox 310 3135 398 3224; x_wconf 68' lang='grc' dir='ltr'><strong>ἔχειν</strong></span> <span class='ocrx_word' id='word_1_201' title='bbox 425 3137 615 3224; x_wconf 80' lang='grc' dir='ltr'><strong>δυνήσονται</strong></span> <span class='ocrx_word' id='word_1_202' title='bbox 642 3133 721 3200; x_wconf 72' lang='grc' dir='ltr'><strong>καθ’</strong></span> <span class='ocrx_word' id='word_1_203' title='bbox 748 3132 837 3223; x_wconf 74' lang='grc' dir='ltr'><strong>ἡμῶν</strong></span> <span class='ocrx_word' id='word_1_204' title='bbox 861 3140 996 3224; x_wconf 79' lang='grc' dir='ltr'><strong>κοίτης</strong></span> <span class='ocrx_word' id='word_1_205' title='bbox 1021 3134 1185 3221; x_wconf 90' lang='grc' dir='ltr'><strong>βασιλείας</strong></span> <span class='ocrx_word' id='word_1_206' title='bbox 1208 3131 1297 3224; x_wconf 82' lang='grc' dir='ltr'><strong>ἡμῶν</strong></span> <span class='ocrx_word' id='word_1_207' title='bbox 1321 3132 1355 3198; x_wconf 77' lang='grc' dir='ltr'><strong>ίν</strong></span> 
     </span>
     <span class='ocr_line' id='line_1_24' title="bbox 86 3255 1354 3348; baseline -0.001 -25"><span class='ocrx_word' id='word_1_208' title='bbox 86 3281 141 3326; x_wconf 88' lang='grc' dir='ltr'><strong>τινι</strong></span> <span class='ocrx_word' id='word_1_209' title='bbox 164 3262 349 3347; x_wconf 86' lang='grc' dir='ltr'><strong>συμβολαίιμ</strong></span> <span class='ocrx_word' id='word_1_210' title='bbox 371 3262 538 3324; x_wconf 88' lang='grc' dir='ltr'><strong>δουκάτων</strong></span> <span class='ocrx_word' id='word_1_211' title='bbox 560 3271 689 3348; x_wconf 87' lang='grc' dir='ltr'><strong>χρυσῶν</strong></span> <span class='ocrx_word' id='word_1_212' title='bbox 718 3262 890 3346; x_wconf 87' lang='grc' dir='ltr'><strong>τριάκοντα</strong></span> <span class='ocrx_word' id='word_1_213' title='bbox 918 3259 1071 3346; x_wconf 85' lang='grc' dir='ltr'><strong>χιλιάδων</strong></span> <span class='ocrx_word' id='word_1_214' title='bbox 1098 3255 1226 3346; x_wconf 79' lang='grc' dir='ltr'><strong>περίτι</strong></span> <span class='ocrx_word' id='word_1_215' title='bbox 1250 3278 1354 3346; x_wconf 83' lang='grc' dir='ltr'><strong>κεφα-</strong></span> 
     </span>
     <span class='ocr_line' id='line_1_25' title="bbox 86 3381 1354 3470; baseline -0.002 -23"><span class='ocrx_word' id='word_1_216' title='bbox 86 3384 176 3450; x_wconf 88' lang='grc' dir='ltr'><strong>λαίου</strong></span> <span class='ocrx_word' id='word_1_217' title='bbox 198 3383 256 3450; x_wconf 82' lang='grc' dir='ltr'><strong>καὶ</strong></span> <span class='ocrx_word' id='word_1_218' title='bbox 277 3387 376 3450; x_wconf 81' lang='grc' dir='ltr'><strong>τόκου</strong></span> <span class='ocrx_word' id='word_1_219' title='bbox 398 3387 454 3448; x_wconf 87' lang='grc' dir='ltr'><strong>καί</strong></span> <span class='ocrx_word' id='word_1_220' title='bbox 478 3387 599 3470; x_wconf 74' lang='grc' dir='ltr'><strong>ζημιῶν</strong></span> <span class='ocrx_word' id='word_1_221' title='bbox 622 3388 678 3448; x_wconf 78' lang='grc' dir='ltr'><strong>καί</strong></span> <span class='ocrx_word' id='word_1_222' title='bbox 702 3381 812 3459; x_wconf 71' lang='grc' dir='ltr'><strong>ἐξόδου</strong></span> <span class='ocrx_word' id='word_1_223' title='bbox 835 3381 891 3447; x_wconf 80' lang='grc' dir='ltr'><strong>καί</strong></span> <span class='ocrx_word' id='word_1_224' title='bbox 914 3395 975 3449; x_wconf 90' lang='grc' dir='ltr'><strong>τῶν</strong></span> <span class='ocrx_word' id='word_1_225' title='bbox 997 3384 1052 3448; x_wconf 85' lang='grc' dir='ltr'><strong>διὰ</strong></span> <span class='ocrx_word' id='word_1_226' title='bbox 1070 3387 1169 3470; x_wconf 84' lang='grc' dir='ltr'><strong>μίσου</strong></span> <span class='ocrx_word' id='word_1_227' title='bbox 1192 3385 1249 3446; x_wconf 85' lang='grc' dir='ltr'><strong>καί</strong></span> <span class='ocrx_word' id='word_1_228' title='bbox 1270 3383 1354 3446; x_wconf 88' lang='grc' dir='ltr'><strong>πάν-</strong></span> 
     </span>
     <span class='ocr_line' id='line_1_26' title="bbox 85 3502 1355 3595; baseline -0.002 -23"><span class='ocrx_word' id='word_1_229' title='bbox 85 3529 144 3572; x_wconf 79' lang='grc' dir='ltr'><strong>των</strong></span> <span class='ocrx_word' id='word_1_230' title='bbox 166 3518 228 3572; x_wconf 84' lang='grc' dir='ltr'><strong>τῶν</strong></span> <span class='ocrx_word' id='word_1_231' title='bbox 257 3505 363 3573; x_wconf 76' lang='grc' dir='ltr'><strong>ἄλλων</strong></span> <span class='ocrx_word' id='word_1_232' title='bbox 395 3517 458 3572; x_wconf 85' lang='grc' dir='ltr'><strong>τῶν</strong></span> <span class='ocrx_word' id='word_1_233' title='bbox 486 3508 608 3580; x_wconf 79' lang='grc' dir='ltr'><strong>τούτοις</strong></span> <span class='ocrx_word' id='word_1_234' title='bbox 636 3505 889 3595; x_wconf 80' lang='grc' dir='ltr'><strong>ἀπηωρημόνων,</strong></span> <span class='ocrx_word' id='word_1_235' title='bbox 924 3504 967 3581; x_wconf 82' lang='grc' dir='ltr'><strong>ῶς</strong></span> <span class='ocrx_word' id='word_1_236' title='bbox 994 3504 1027 3572; x_wconf 77' lang='grc' dir='ltr'><strong>όν</strong></span> <span class='ocrx_word' id='word_1_237' title='bbox 1055 3529 1098 3594; x_wconf 84' lang='grc' dir='ltr'><strong>τιμ</strong></span> <span class='ocrx_word' id='word_1_238' title='bbox 1120 3502 1204 3591; x_wconf 71' lang='grc' dir='ltr'><strong>αὐτῷ</strong></span> <span class='ocrx_word' id='word_1_239' title='bbox 1231 3505 1355 3592; x_wconf 64' lang='grc' dir='ltr'><strong>συμβοὲ·</strong></span> 
     </span>
     <span class='ocr_line' id='line_1_27' title="bbox 86 3630 1356 3719; baseline 0 -25"><span class='ocrx_word' id='word_1_240' title='bbox 86 3632 165 3718; x_wconf 86' lang='grc' dir='ltr'><strong>λαίῳ</strong></span> <span class='ocrx_word' id='word_1_241' title='bbox 190 3641 245 3698; x_wconf 82' lang='grc' dir='ltr'><strong>τοῦ</strong></span> <span class='ocrx_word' id='word_1_242' title='bbox 269 3635 384 3719; x_wconf 80' lang='grc' dir='ltr'><strong>χρίους</strong></span> <span class='ocrx_word' id='word_1_243' title='bbox 417 3635 616 3718; x_wconf 72' lang='grc' dir='ltr'><strong>περοίχεται,</strong></span> <span class='ocrx_word' id='word_1_244' title='bbox 643 3630 725 3718; x_wconf 77' lang='grc' dir='ltr'><strong>όδη</strong></span> <span class='ocrx_word' id='word_1_245' title='bbox 754 3631 949 3717; x_wconf 88' lang='grc' dir='ltr'><strong>συμβόλαιον</strong></span> <span class='ocrx_word' id='word_1_246' title='bbox 983 3634 1040 3695; x_wconf 81' lang='grc' dir='ltr'><strong>καί</strong></span> <span class='ocrx_word' id='word_1_247' title='bbox 1068 3634 1164 3717; x_wconf 84' lang='grc' dir='ltr'><strong>χρίος</strong></span> <span class='ocrx_word' id='word_1_248' title='bbox 1200 3630 1242 3716; x_wconf 80' lang='grc' dir='ltr'><strong>μη</strong></span> <span class='ocrx_word' id='word_1_249' title='bbox 1270 3633 1356 3694; x_wconf 80' lang='grc' dir='ltr'><strong>νοοί-</strong></span> 
     </span>
     <span class='ocr_line' id='line_1_28' title="bbox 84 3751 1356 3842; baseline -0.003 -23"><span class='ocrx_word' id='word_1_250' title='bbox 84 3756 170 3832; x_wconf 84' lang='grc' dir='ltr'><strong>σδω,</strong></span> <span class='ocrx_word' id='word_1_251' title='bbox 208 3755 289 3842; x_wconf 81' lang='grc' dir='ltr'><strong>μηδί</strong></span> <span class='ocrx_word' id='word_1_252' title='bbox 318 3756 464 3820; x_wconf 73' lang='grc' dir='ltr'><strong>νοεῖσθαι</strong></span> <span class='ocrx_word' id='word_1_253' title='bbox 491 3755 618 3819; x_wconf 87' lang='grc' dir='ltr'><strong>δόναιτο</strong></span> <span class='ocrx_word' id='word_1_254' title='bbox 646 3755 701 3818; x_wconf 82' lang='grc' dir='ltr'><strong>διά</strong></span> <span class='ocrx_word' id='word_1_255' title='bbox 729 3755 783 3841; x_wconf 74' lang='grc' dir='ltr'><strong>ιην</strong></span> <span class='ocrx_word' id='word_1_256' title='bbox 806 3762 970 3840; x_wconf 82' lang='grc' dir='ltr'><strong>παροῦσαν</strong></span> <span class='ocrx_word' id='word_1_257' title='bbox 994 3755 1106 3840; x_wconf 76' lang='grc' dir='ltr'><strong>τρίβων</strong></span> <span class='ocrx_word' id='word_1_258' title='bbox 1129 3751 1150 3842; x_wconf 76' lang='grc' dir='ltr'><strong>ἢ</strong></span> <span class='ocrx_word' id='word_1_259' title='bbox 1175 3755 1356 3841; x_wconf 80' lang='grc' dir='ltr'><strong>συμφωνίαν</strong></span> 
     </span>
     <span class='ocr_line' id='line_1_29' title="bbox 85 3871 1358 3968; baseline -0.004 -25"><span class='ocrx_word' id='word_1_260' title='bbox 85 3876 229 3946; x_wconf 73' lang='grc' dir='ltr'><strong>ὁπωσοῦν</strong></span> <span class='ocrx_word' id='word_1_261' title='bbox 264 3877 449 3968; x_wconf 73' lang='grc' dir='ltr'><strong>ἀφειμόνον,</strong></span> <span class='ocrx_word' id='word_1_262' title='bbox 485 3876 603 3964; x_wconf 76' lang='grc' dir='ltr'><strong>ἄκυρον</strong></span> <span class='ocrx_word' id='word_1_263' title='bbox 631 3876 651 3964; x_wconf 74' lang='grc' dir='ltr'>ἢ</span> <span class='ocrx_word' id='word_1_264' title='bbox 681 3875 972 3964; x_wconf 83' lang='grc' dir='ltr'><strong>ἀναπετραμμίνον,</strong></span> <span class='ocrx_word' id='word_1_265' title='bbox 1009 3877 1131 3964; x_wconf 83' lang='grc' dir='ltr'><strong>μάλλον</strong></span> <span class='ocrx_word' id='word_1_266' title='bbox 1159 3879 1216 3962; x_wconf 68' lang='grc' dir='ltr'><strong>μὲν</strong></span> <span class='ocrx_word' id='word_1_267' title='bbox 1245 3871 1299 3940; x_wconf 78' lang='grc' dir='ltr'><strong>οὖν</strong></span> <span class='ocrx_word' id='word_1_268' title='bbox 1324 3875 1358 3938; x_wconf 75' lang='grc' dir='ltr'><strong>δν</strong></span> 
     </span>
    </p>
   </div>
   <div class='ocr_carea' id='block_1_3' title="bbox 85 3987 1358 4091">
    <p class='ocr_par' dir='ltr' id='par_1_3' title="bbox 85 3987 1358 4091">
     <span class='ocr_line' id='line_1_30' title="bbox 85 3987 1358 4091; baseline -0.005 -20"><span class='ocrx_word' id='word_1_269' title='bbox 85 4015 125 4091; x_wconf 75' lang='grc' dir='ltr'><strong>τῇ</strong></span> <span class='ocrx_word' id='word_1_270' title='bbox 159 4001 257 4070; x_wconf 80' lang='grc' dir='ltr'><strong>αὐτοῦ</strong></span> <span class='ocrx_word' id='word_1_271' title='bbox 285 4006 482 4069; x_wconf 82' lang='grc' dir='ltr'><strong>κατασπάσει</strong></span> <span class='ocrx_word' id='word_1_272' title='bbox 504 4007 561 4068; x_wconf 87' lang='grc' dir='ltr'><strong>καί</strong></span> <span class='ocrx_word' id='word_1_273' title='bbox 589 4003 772 4090; x_wconf 78' lang='grc' dir='ltr'><strong>βεβαιότητι</strong></span> <span class='ocrx_word' id='word_1_274' title='bbox 799 4005 855 4068; x_wconf 80' lang='grc' dir='ltr'><strong>καὶ</strong></span> <span class='ocrx_word' id='word_1_275' title='bbox 884 4003 927 4089; x_wconf 76' lang='grc' dir='ltr'><strong>τῷ</strong></span> <span class='ocrx_word' id='word_1_276' title='bbox 947 4003 1079 4088; x_wconf 87' lang='grc' dir='ltr'><strong>δικαίιμ,</strong></span> <span class='ocrx_word' id='word_1_277' title='bbox 1110 3998 1142 4065; x_wconf 70' lang='grc' dir='ltr'><strong>ἂν</strong></span> <span class='ocrx_word' id='word_1_278' title='bbox 1169 3999 1217 4075; x_wconf 80' lang='grc' dir='ltr'><strong>οίς</strong></span> <span class='ocrx_word' id='word_1_279' title='bbox 1239 3997 1278 4088; x_wconf 77' lang='grc' dir='ltr'><strong>ην</strong></span> <span class='ocrx_word' id='word_1_280' title='bbox 1302 3987 1358 4074; x_wconf 77' lang='grc' dir='ltr'><strong>καὶ</strong></span> 
     </span>
    </p>
   </div>
   <div class='ocr_carea' id='block_1_4' title="bbox 83 4123 1360 4712">
    <p class='ocr_par' dir='ltr' id='par_1_4' title="bbox 83 4123 1360 4712">
     <span class='ocr_line' id='line_1_31' title="bbox 83 4123 1357 4221; baseline -0.005 -27"><span class='ocrx_word' id='word_1_281' title='bbox 83 4133 146 4215; x_wconf 88' lang='grc' dir='ltr'><strong>πρό</strong></span> <span class='ocrx_word' id='word_1_282' title='bbox 168 4139 225 4194; x_wconf 91' lang='grc' dir='ltr'><strong>τοό</strong></span> <span class='ocrx_word' id='word_1_283' title='bbox 248 4131 403 4210; x_wconf 83' lang='grc' dir='ltr'><strong>γενόσδαι</strong></span> <span class='ocrx_word' id='word_1_284' title='bbox 429 4129 486 4215; x_wconf 77' lang='grc' dir='ltr'><strong>τὴν</strong></span> <span class='ocrx_word' id='word_1_285' title='bbox 508 4136 673 4213; x_wconf 84' lang='grc' dir='ltr'><strong>παροῦσαν</strong></span> <span class='ocrx_word' id='word_1_286' title='bbox 701 4128 841 4221; x_wconf 62' lang='grc' dir='ltr'><strong>τρίβαν,ἱ</strong></span> <span class='ocrx_word' id='word_1_287' title='bbox 867 4127 995 4212; x_wconf 83' lang='grc' dir='ltr'><strong>βίβαιον</strong></span> <span class='ocrx_word' id='word_1_288' title='bbox 1020 4131 1079 4191; x_wconf 87' lang='grc' dir='ltr'><strong>καί</strong></span> <span class='ocrx_word' id='word_1_289' title='bbox 1108 4123 1259 4211; x_wconf 72' lang='grc' dir='ltr'><strong>ἀκέραιον</strong></span> <span class='ocrx_word' id='word_1_290' title='bbox 1283 4125 1357 4188; x_wconf 89' lang='grc' dir='ltr'><strong>δια-</strong></span> 
     </span>
     <span class='ocr_line' id='line_1_32' title="bbox 85 4247 1358 4339; baseline -0.005 -21"><span class='ocrx_word' id='word_1_291' title='bbox 85 4258 206 4338; x_wconf 82' lang='grc' dir='ltr'><strong>μενίτω</strong></span> <span class='ocrx_word' id='word_1_292' title='bbox 239 4257 297 4320; x_wconf 86' lang='grc' dir='ltr'><strong>καί</strong></span> <span class='ocrx_word' id='word_1_293' title='bbox 332 4251 423 4318; x_wconf 73' lang='grc' dir='ltr'><strong>ἔσται</strong></span> <span class='ocrx_word' id='word_1_294' title='bbox 451 4257 508 4316; x_wconf 83' lang='grc' dir='ltr'><strong>καί</strong></span> <span class='ocrx_word' id='word_1_295' title='bbox 536 4250 616 4316; x_wconf 87' lang='grc' dir='ltr'><strong>εἶναι</strong></span> <span class='ocrx_word' id='word_1_296' title='bbox 642 4253 796 4329; x_wconf 78' lang='grc' dir='ltr'><strong>νοείσθω,</strong></span> <span class='ocrx_word' id='word_1_297' title='bbox 831 4255 950 4339; x_wconf 76' lang='grc' dir='ltr'><strong>γραφὲν</strong></span> <span class='ocrx_word' id='word_1_298' title='bbox 978 4251 1013 4314; x_wconf 86' lang='grc' dir='ltr'><strong>τό</strong></span> <span class='ocrx_word' id='word_1_299' title='bbox 1038 4247 1201 4335; x_wconf 77' lang='grc' dir='ltr'><strong>είρημόνον</strong></span> <span class='ocrx_word' id='word_1_300' title='bbox 1234 4249 1358 4333; x_wconf 90' lang='grc' dir='ltr'><strong>συμβό-</strong></span> 
     </span>
     <span class='ocr_line' id='line_1_33' title="bbox 84 4367 1358 4463; baseline -0.005 -21"><span class='ocrx_word' id='word_1_301' title='bbox 84 4379 177 4442; x_wconf 86' lang='grc' dir='ltr'><strong>λαιον</strong></span> <span class='ocrx_word' id='word_1_302' title='bbox 201 4375 267 4442; x_wconf 74' lang='grc' dir='ltr'><strong>ίτει</strong></span> <span class='ocrx_word' id='word_1_303' title='bbox 290 4375 442 4463; x_wconf 77' lang='grc' dir='ltr'><strong>χιλιοστῷ</strong></span> <span class='ocrx_word' id='word_1_304' title='bbox 468 4377 699 4462; x_wconf 72' lang='grc' dir='ltr'><strong>τριακοσιοστῷ</strong></span> <span class='ocrx_word' id='word_1_305' title='bbox 726 4373 974 4459; x_wconf 77' lang='grc' dir='ltr'><strong>τεσσαρακοστῷ</strong></span> <span class='ocrx_word' id='word_1_306' title='bbox 1005 4371 1111 4460; x_wconf 84' lang='grc' dir='ltr'><strong>τρίτῳ,</strong></span> <span class='ocrx_word' id='word_1_307' title='bbox 1137 4367 1243 4459; x_wconf 76' lang='grc' dir='ltr'><strong>ἡμίρη</strong></span> <span class='ocrx_word' id='word_1_308' title='bbox 1268 4370 1358 4436; x_wconf 77' lang='grc' dir='ltr'><strong>εἰκο-</strong></span> 
     </span>
     <span class='ocr_line' id='line_1_34' title="bbox 85 4495 1359 4590; baseline -0.005 -22"><span class='ocrx_word' id='word_1_309' title='bbox 85 4514 148 4590; x_wconf 75' lang='grc' dir='ltr'><strong>στῇ</strong></span> <span class='ocrx_word' id='word_1_310' title='bbox 180 4507 288 4589; x_wconf 70' lang='grc' dir='ltr'><strong>πρώτη</strong></span> <span class='ocrx_word' id='word_1_311' title='bbox 323 4509 379 4566; x_wconf 82' lang='grc' dir='ltr'><strong>τοῦ</strong></span> <span class='ocrx_word' id='word_1_312' title='bbox 418 4498 597 4581; x_wconf 84' lang='grc' dir='ltr'><strong>αόγαόστου</strong></span> <span class='ocrx_word' id='word_1_313' title='bbox 634 4507 691 4585; x_wconf 83' lang='grc' dir='ltr'><strong>τῆς</strong></span> <span class='ocrx_word' id='word_1_314' title='bbox 724 4498 766 4563; x_wconf 77' lang='grc' dir='ltr'><strong>ια’</strong></span> <span class='ocrx_word' id='word_1_315' title='bbox 801 4497 998 4571; x_wconf 78' lang='grc' dir='ltr'><strong>ἰνόικτιῶνος</strong></span> <span class='ocrx_word' id='word_1_316' title='bbox 1035 4499 1119 4583; x_wconf 85' lang='grc' dir='ltr'><strong>χειρί</strong></span> <span class='ocrx_word' id='word_1_317' title='bbox 1152 4495 1274 4581; x_wconf 81' lang='grc' dir='ltr'><strong>Πίτρου</strong></span> <span class='ocrx_word' id='word_1_318' title='bbox 1307 4501 1359 4562; x_wconf 76' lang='grc' dir='ltr'><strong>ντὲ</strong></span> 
     </span>
     <span class='ocr_line' id='line_1_35' title="bbox 88 4618 1360 4712; baseline -0.007 -20"><span class='ocrx_word' id='word_1_319' title='bbox 88 4625 219 4711; x_wconf 76' lang='grc' dir='ltr'><strong>Ἀρόνα,</strong></span> <span class='ocrx_word' id='word_1_320' title='bbox 252 4627 466 4712; x_wconf 85' lang='grc' dir='ltr'><strong>πρεσβυτίρου</strong></span> <span class='ocrx_word' id='word_1_321' title='bbox 497 4633 553 4711; x_wconf 76' lang='grc' dir='ltr'><strong>τῆς</strong></span> <span class='ocrx_word' id='word_1_322' title='bbox 577 4623 754 4710; x_wconf 78' lang='grc' dir='ltr'><strong>ἀκκλησίας</strong></span> <span class='ocrx_word' id='word_1_323' title='bbox 776 4623 833 4686; x_wconf 85' lang='grc' dir='ltr'><strong>καί</strong></span> <span class='ocrx_word' id='word_1_324' title='bbox 855 4629 910 4686; x_wconf 78' lang='grc' dir='ltr'><strong>τοῦ</strong></span> <span class='ocrx_word' id='word_1_325' title='bbox 935 4618 1028 4700; x_wconf 82' lang='grc' dir='ltr'><strong>ἁγίου</strong></span> <span class='ocrx_word' id='word_1_326' title='bbox 1051 4619 1304 4706; x_wconf 80' lang='grc' dir='ltr'><strong>Βαρθολομαίου</strong></span> <span class='ocrx_word' id='word_1_327' title='bbox 1328 4619 1360 4684; x_wconf 72' lang='grc' dir='ltr'><strong>ἐν</strong></span> 
     </span>
    </p>
   </div>
   <div class='ocr_carea' id='block_1_5' title="bbox 87 4748 1359 4910">
    <p class='ocr_par' dir='ltr' id='par_1_5' title="bbox 87 4748 1359 4910">
     <span class='ocr_line' id='line_1_36' title="bbox 87 4748 1359 4840; baseline -0.008 -21"><span class='ocrx_word' id='word_1_328' title='bbox 87 4765 128 4840; x_wconf 70' lang='grc' dir='ltr'><strong>τῇ</strong></span> <span class='ocrx_word' id='word_1_329' title='bbox 151 4752 282 4838; x_wconf 73' lang='grc' dir='ltr'><strong>Βενττίη</strong></span> <span class='ocrx_word' id='word_1_330' title='bbox 305 4757 361 4818; x_wconf 85' lang='grc' dir='ltr'><strong>καί</strong></span> <span class='ocrx_word' id='word_1_331' title='bbox 386 4757 533 4838; x_wconf 90' lang='grc' dir='ltr'><strong>νοταρίου</strong></span> <span class='ocrx_word' id='word_1_332' title='bbox 555 4749 705 4822; x_wconf 89' lang='grc' dir='ltr'><strong>Βενετίας</strong></span> <span class='ocrx_word' id='word_1_333' title='bbox 728 4753 784 4813; x_wconf 83' lang='grc' dir='ltr'><strong>καί</strong></span> <span class='ocrx_word' id='word_1_334' title='bbox 807 4748 1037 4834; x_wconf 77' lang='grc' dir='ltr'><strong>καντζελαρίου</strong></span> <span class='ocrx_word' id='word_1_335' title='bbox 1061 4755 1115 4811; x_wconf 81' lang='grc' dir='ltr'><strong>τοῦ</strong></span> <span class='ocrx_word' id='word_1_336' title='bbox 1138 4755 1237 4834; x_wconf 84' lang='grc' dir='ltr'><strong>κυροῶ</strong></span> <span class='ocrx_word' id='word_1_337' title='bbox 1261 4755 1359 4834; x_wconf 84' lang='grc' dir='ltr'><strong>μπαί·</strong></span> 
     </span>
     <span class='ocr_line' id='line_1_37' title="bbox 1094 4853 1163 4910; baseline 0 0"><span class='ocrx_word' id='word_1_338' title='bbox 1094 4857 1128 4910; x_wconf 75' lang='grc'><strong>14</strong></span> <span class='ocrx_word' id='word_1_339' title='bbox 1146 4853 1163 4890; x_wconf 76' lang='lat'>⁸</span> 
     </span>
    </p>
   </div>
   <div class='ocr_carea' id='block_1_6' title="bbox 0 0 1573 5268">
    <p class='ocr_par' dir='ltr' id='par_1_6' title="bbox 0 0 1573 5268">
     <span class='ocr_line' id='line_1_38' title="bbox 0 0 1573 5268; baseline 0 0"><span class='ocrx_word' id='word_1_340' title='bbox 0 0 1573 5268; x_wconf 95' lang='lat' dir='ltr'><strong> </strong></span> 
     </span>
    </p>
   </div>
  </div>
 </body>
</html>
