3132 5268
343 589 480 660 XXXIX.
497 595 728 662 6939-1431.
746 595 798 661 26.
816 593 889 660 maii
904 592 969 660 ind.
986 591 1039 662 IX.

71 757 219 830 Ιαριτοιοτ
234 757 362 816 Ioannes
378 760 572 834 Ροίοεοῑοριιι
587 771 730 834 ρτοτοροτ
750 764 780 816 in
796 781 890 818 οπποι
905 765 1028 836 quinquo
1043 764 1202 818 οιιιιτίοντε
1213 765 1326 834 ραονίο-

502 904 551 940 ιιιε
566 903 628 940 cum
650 884 760 941 Venetis
770 885 881 957 γάτταε.

146 1033 413 1122 γἿωάννης,
444 1034 488 1100 έν
511 1037 880 1124 Χριστῴτῷθεῷ
906 1039 1072 1112 πιστὰς
1101 1037 1328 1122 βασιλεῦς

69 1163 137 1224 παὶ
179 1154 485 1248 αὐτοκράτωρ
519 1159 763 1248 Ῥωμαίων,
810 1159 1203 1242 ὁΠαλαιολόγος
1247 1165 1328 1228 καί

69 1279 132 1346 ἀεὶ
185 1282 462 1364 αὔγουστος.
514 1285 581 1354 έπεί
620 1283 636 1352 ὁ
676 1285 828 1374 ἐπιφανὴς
870 1287 927 1352 καί
981 1287 1225 1374 μεγαλοπρεπὴς
1267 1294 1327 1371 κῦρ

69 1407 283 1493 Φραντζέσκος
311 1409 514 1498 Φοῦσκαρις,
549 1414 630 1478 θεοῦ
665 1414 771 1498 χάριτι
799 1411 874 1488 δοῦξ
900 1410 1051 1484 Βενετίας
1078 1415 1135 1478 καί
1158 1415 1197 1478 τὰ
1220 1411 1326 1487 λοιπὰ,

69 1536 135 1618 πρὸς
159 1530 244 1620 ἡμᾶς
271 1540 328 1600 καί
356 1537 411 1622 τὴν
434 1545 490 1622 τῆς
513 1533 670 1624 ἡμετέρας
696 1537 862 1620 βασιλείας
884 1541 1060 1622 παρουσίαν
1085 1535 1269 1602 ἀπέστειλεν
1293 1533 1326 1600 έν

68 1659 467 1744 τῇΚωνσταντινουπῦλει,
503 1673 542 1748 τη
576 1659 665 1748 ἡμῶν
692 1665 858 1750 περιφημιρ
891 1663 997 1740 πόλει,
1033 1663 1087 1726 τὸν
1122 1659 1326 1750 έξηρημένον,

70 1777 167 1870 είγενή
191 1789 248 1850 καί
271 1788 421 1874 φρόνιμον
446 1785 559 1872 ἄνδρα,
595 1793 654 1872 κῦρ
682 1783 839 1871 Μαρτίνον
863 1787 899 1850 δὲ
922 1785 1085 1864 Μοῦστον,
1121 1785 1246 1872 ἔντιμον
1270 1790 1328 1852 καί

71 1917 212 1995 περιφανῆ
243 1905 483 1996 ἀποκρισιάριον
512 1903 609 1976 αὐτοῦ
638 1908 682 1982 είς
710 1913 856 1996 τὰμέρη
880 1919 935 1996 τῆς
958 1907 1146 1996 Ῥυρανίας,
1182 1910 1329 1974 σῦνδικίν

71 2052 97 2092 τε
129 2036 183 2096 καί
217 2029 382 2116 ἐπίτροπον
418 2027 516 2096 αὐτοῦ
550 2040 605 2096 τοῦ
641 2031 811 2120 ἐπιφανοῦς
845 2037 902 2098 καί
941 2033 1203 2118 μεγαλοπρεποῦς
1232 2041 1330 2118 κυροῦ

72 2153 176 2226 ῦουπός
210 2159 267 2220 καί
294 2163 349 2219 τοῦ
384 2159 573 2241 κουμουνίου
600 2153 764 2232 Βενετίας,
801 2154 918 2241 ἔχοντα
953 2153 1061 2242 ἐντελῆ
1098 2155 1243 2232 ἐξουσίαν
1272 2155 1329 2222 καὶ

71 2276 170 2342 ἄδειαν
193 2284 250 2344 καί
273 2277 403 2365 ὁρισμὸν
431 2276 621 2366 τρακταῒσαι
647 2283 704 2344 καί
730 2287 862 2365 ποιῆσαι
884 2284 940 2346 καί
965 2281 1142 2364 βεβαιῶσαι
1165 2285 1221 2346 καί
1243 2281 1328 2368 πλη·

69 2410 156 2482 μῦσαι
189 2403 304 2488 τρέβας
337 2401 395 2466 καί
429 2405 596 2490 συνθήκας
632 2407 688 2475 τὰς
723 2407 891 2488 κατωτέρω
926 2408 1174 2491 γραφησομένας
1209 2405 1325 2491 μεταξὺ

69 2522 146 2610 ήμῦν
173 2549 207 2591 τε
235 2531 291 2592 καί
313 2537 369 2614 τῆς
396 2525 553 2614 ἡμετέρας
586 2527 753 2612 βασιλείας
787 2532 843 2592 καί
878 2537 932 2594 τοῦ
967 2533 1196 2616 προειρημένου
1230 2538 1328 2616 κυροῦ

71 2648 174 2724 ῦουκῦς
207 2653 264 2716 καί
298 2659 353 2715 τοῦ
388 2656 578 2738 κουμουνίου
612 2651 777 2728 Βενετίας,
812 2654 927 2726 καθὼς
966 2653 1120 2739 δηλοῦται
1158 2655 1211 2718 διά
1245 2677 1328 2728 τινος

72 2777 247 2860 γράμματος
271 2775 423 2839 δουκικοῦ
448 2771 545 2840 αὐτοῦ
574 2783 628 2839 τοῦ
653 2776 824 2862 έπιφανοῦς
848 2779 903 2840 καί
927 2777 1188 2862 μεγαλοπρεποῦς
1212 2778 1329 2851 δουκός

70 2902 190 2962 καὶτοῦ
214 2902 405 2984 κουμουνίου
428 2897 590 2976 Βενττίας,
615 2903 888 2985 κατωχυρωμένου
912 2900 1032 2986 βούλλη
1058 2901 1225 2988 μολιβδίνη
1250 2906 1329 2988 μετὰ

67 3029 197 3106 σχοινίου
215 3025 406 3108 μεταξωτοῦ,
429 3023 583 3095 δοθέντος
607 3019 639 3086 ἐν
656 3021 698 3108 τιρ
722 3023 863 3110 δουκικῷ
883 3024 1028 3109 παλατίῳ
1053 3019 1225 3089 αὐτοῦτοῦ
1249 3047 1328 3090 κου-

71 3151 184 3226 ρουνίου
206 3145 271 3210 ἔτει
293 3143 356 3211 ἀπὸ
379 3155 435 3234 τῆς
458 3155 513 3212 τοῦ
529 3145 667 3232 Χριστοῦ
692 3149 885 3231 σαρκώσεως
909 3146 1061 3233 χιλιοστῴ
1076 3147 1330 3235 τετρακοσιοστῷ

72 3271 248 3356 τριακοστῷ,
271 3269 440 3336 ὶνδικτιιῑινι
463 3269 500 3357 η’,
524 3267 628 3358 ἡμέρη
645 3270 685 3336 ια’
708 3280 763 3334 τοῦ
785 3267 880 3355 μαΐου
905 3273 1003 3356 μηνὸς
1024 3273 1109 3336 κατὰ
1126 3273 1160 3335 τὰ
1178 3271 1257 3345 ἔθος
1272 3281 1328 3360 τῆς

70 3388 222 3472 Βενετίας,
248 3393 295 3458 ἔτι
323 3395 358 3458 δὲ
386 3398 443 3459 καί
471 3395 524 3458 διὰ
554 3398 743 3480 γράμματος
766 3394 918 3458 θουκικοῦ
941 3397 1123 3468 πιστώσεως
1148 3389 1244 3460 αὐτοῦ
1272 3405 1327 3460 τοῦ

72 3526 155 3600 ιυροῦ
190 3517 307 3590 θουιιός
341 3520 397 3582 καί
425 3526 479 3582 τοῦ
507 3521 697 3604 κουμουνίου
730 3515 878 3590 Βενετίας
907 3518 1077 3591 σταλέντος
1103 3514 1176 3605 ἡμῖν
1207 3522 1263 3584 καί
1289 3530 1327 3608 τη

71 3633 196 3726 ἡμετέρη
220 3641 369 3726 βασιλεία
390 3645 446 3706 καί
470 3642 623 3715 δοθέντος
647 3639 679 3706 έν
702 3639 745 3728 τῷ
766 3646 983 3729 προειρημένῳ
1010 3644 1155 3729 παλατίιρ
1183 3652 1238 3708 τοῦ
1267 3639 1326 3732 βη-

70 3761 167 3839 θέντος
191 3769 383 3852 κουμουνίοο
408 3765 486 3842 ἔτει,
512 3769 599 3852 μηνὶ,
623 3761 729 3852 ἡμέρα
744 3769 799 3830 καί
821 3763 1001 3844 ὶνδικτιιῦνι,
1026 3763 1069 3840 ὡς
1093 3765 1249 3854 ἀνωτέρω·
1272 3771 1329 3832 καί

71 3891 165 3969 μέντοι
198 3894 280 3975 μετὰ
313 3890 462 3964 ποικίλας
497 3887 624 3975 ὁμιλίας
658 3895 715 3954 καί
746 3891 982 3976 τρακταίσμούς
1011 3895 1184 3976 γενομένας
1211 3893 1326 3978 μεταξὺ

70 4005 144 4094 ἡμῶν
172 4037 204 4078 τε
239 4017 296 4078 καί
323 4023 379 4101 τῆς
407 4013 572 4098 βασιλείας
607 4009 695 4100 ἡμῶν
723 4017 780 4078 καὶ
813 4023 869 4078 τοῦ
903 4021 1131 4102 προειρημένου
1167 4017 1326 4094 συνθίκου,

72 4132 223 4221 ἐπιτρόπου
251 4142 306 4202 καί
336 4136 578 4223 ἀποκρισιαρίου
605 4145 810 4224 περιφανοῦς,
845 4133 936 4224 ἡμεῖς
959 4137 1118 4225 Ἰωάννης,
1147 4136 1179 4204 ἐν
1203 4139 1328 4226 Χριστῷ

72 4255 105 4342 τῷ
128 4263 194 4346 θεῷ
215 4264 325 4334 πιστὸς
361 4261 511 4345 βασιλεῦς
545 4264 601 4325 καί
629 4256 835 4347 αὐτοκράτωρ
863 4259 1035 4348 Ῥωμαίων,
1060 4259 1077 4327 ὁ
1102 4260 1326 4343 Παλαιολῦγος

72 4379 103 4443 δι’
123 4379 207 4470 ἡμῶν
231 4389 288 4450 καί
317 4395 373 4472 τῆς
401 4385 567 4468 βασιλείας
593 4379 696 4471 ἡμῶν,
726 4383 772 4450 ἔτι
801 4395 916 4449 τετῶν
945 4386 1150 4472 κληρονόμων
1172 4389 1229 4450 καὶ
1252 4387 1325 4451 δια-

72 4501 161 4591 ῦῦχιιν
184 4505 282 4596 ἡμῶν,
307 4507 424 4594 ὁμοίως
447 4509 482 4572 δὲ
506 4511 562 4572 καί
586 4504 603 4570 ὁ
628 4506 792 4594 εἰρημένος
817 4507 1075 4594 ἆποκρισιοίριος,
1100 4509 1247 4582 σῦνῦικος
1270 4515 1326 4576 καί

73 4621 221 4716 ἐπίτροπος
255 4635 371 4718 ῦικαίιρ
406 4635 461 4696 καί
490 4628 621 4718 ὀνόματι
650 4639 704 4695 τοῦ
738 4636 968 4719 προειρημένου
997 4641 1095 4719 πυροῦ
1126 4635 1242 4708 δουκῦς
1270 4637 1327 4700 καί

74 4763 117 4819 τοῦ
138 4765 324 4850 κουμουνίου
352 4757 503 4832 Βενετίας
527 4753 604 4844 ὑπὲρ
629 4755 755 4845 εἰρήνης
778 4762 834 4824 καί
858 4754 985 4846 ἀγάπης
1009 4756 1209 4845 ἑκατέρωθεν
1233 4755 1328 4850 θρετ-

1095 4869 1128 4930 12
