3148 5268
1253 333 1316 405 12¹1

58 527 178 615 Τσάρας
205 529 230 609 ¹)
254 523 405 616 Οδρσῐνος
441 529 581 608 Δοίκας,
617 526 660 603 ὣς
689 526 742 596 ἵνα
775 533 944 616 πορίσηται
977 525 1035 596 καὶ
1062 526 1234 617 άνακτηδη
1261 532 1314 596 διά

56 653 284 738 χρυσοβοίλλου
311 647 409 742 αὐτῆς
438 657 684 740 προστάγματος
719 651 763 728 τίς
792 650 1006 739 ὲττανάκλησιν
1042 662 1102 716 τῶν
1129 656 1314 742 ρδαρίντων

55 772 140 841 αιίτυῡ
163 779 411 864 χρυσοβοιίλλων
435 782 490 844 καί
513 777 751 862 δικαιωμάτων,
780 773 872 843 ἅτινα
900 773 985 864 εἶχεν
1013 772 1174 842 άνίκαδεν
1202 776 1259 844 καὶ
1282 776 1315 854 ἐξ

55 897 144 966 αὐτῶν
180 913 241 968 τῶν
277 899 376 984 άγίιιν
411 903 568 988 βασιλίσιν
596 907 651 969 καί
683 903 843 968 δεσποτῶν
878 899 1021 980 ἐκείνων,
1058 899 1222 970 αὐθεντῶν
1257 905 1314 970 καί

53 1029 205 1108 τρυγόνων
228 1036 285 1115 τῆς
310 1027 476 1111 βασιλείας
500 1050 570 1114 μου,
594 1025 693 1116 ἤγουν
716 1028 751 1091 τά
775 1029 915 1112 κάστρον
939 1027 1011 1100 τούς
1034 1023 1171 1106 Ῥωγυύς
1188 1025 1217 1110 ’)
1233 1031 1313 1114 μετὰ

52 1154 146 1238 αάσης
171 1160 226 1239 τῆς
249 1161 349 1238 νυμης
372 1156 429 1218 καί
450 1162 603 1240 περιοχῆς
626 1145 734 1228 αὐτοῦ,
758 1149 830 1240 ἤτοι
854 1147 915 1215 ἆτό
940 1151 995 1238 την
1019 1147 1121 1236 ἄκραν
1147 1160 1201 1216 τοῦ
1218 1149 1311 1218 Μαο-

52 1276 207 1358 γοβυυνίου
227 1280 283 1342 καί
299 1278 335 1342 τά
351 1274 591 1362 Μαυροβούνιον
608 1273 646 1358 ⁸),
671 1273 779 1344 άτίσω
797 1273 969 1364 ἐρχόμενον
986 1274 1031 1348 είς
1046 1275 1100 1364 την
1116 1274 1267 1363 ’Άμτραν
1283 1273 1313 1356 ¹)

51 1399 97 1460 καί
130 1399 175 1474 είς
209 1403 244 1466 τά
272 1399 443 1488 Καρυδάκι
468 1399 493 1480 ⁸)
517 1403 572 1466 καί
604 1399 648 1474 τίς
675 1401 710 1464 τά
741 1397 911 1486 Ἑίόμινον
937 1398 962 1479 ⁸)
990 1403 1048 1465 καί
1077 1399 1122 1474 είς
1157 1403 1209 1466 τδν
1238 1399 1312 1468 Φα-

51 1531 161 1600 νοῦτον,
186 1521 477 1610 άτιοκουμβίίυνται
505 1523 549 1598 τίς
579 1525 634 1612 τὴν
661 1522 848 1611 Ἐμπερινην
878 1523 904 1602 7)
931 1529 988 1590 καί
1016 1523 1060 1600 εἰς
1089 1533 1145 1612 τῆς
1176 1523 1313 1613 Εἶρήίης
1426 1547 1428 1554 “

50 1647 79 1708 τδ
111 1648 309 1736 ξτνοδοχιίυν
337 1651 393 1714 καί
429 1649 473 1722 είς
502 1652 541 1716 τά
564 1645 755 1735 Τρινόβιανα
779 1645 806 1728 ¹)
829 1651 884 1712 καί
916 1649 971 1734 την
1002 1646 1156 1734 Ζιίρισιαν
1184 1653 1239 1714 καί
1268 1647 1312 1724 τίς

51 1772 79 1834 τά
101 1769 281 1858 Σειστροῦνι
306 1771 333 1852 “)
356 1777 412 1868 καί
436 1772 481 1848 είς
509 1775 562 1864 τάν
593 1775 696 1838 κακὸν
719 1770 828 1862 Τάφον
855 1771 895 1852 ¹⁰)
917 1776 973 1838 καί
997 1771 1042 1848 είς
1066 1774 1101 1836 τά
1126 1771 1231 1840 Γλυκδ
1255 1775 1311 1837 καί

50 1896 94 1958 τὸν
115 1898 258 1982 τοταμδν
284 1895 325 1980 ¹¹)
348 1901 404 1962 καί
429 1895 474 1972 είς
501 1893 541 1978 ¹¹)
564 1899 599 1961 ιδ
622 1893 775 1984 Μαρμάρι
798 1899 854 1989 καί
879 1895 923 1970 είς
947 1896 1001 1984 τήν
1032 1897 1205 1962 θάλασσαν
1230 1893 1310 1962 άτιί-

51 2041 88 2082 ευ
111 2023 191 2104 μετὰ
214 2031 274 2085 τῶν
297 2025 468 2108 κτημάτων
495 2023 619 2086 πάντων
650 2023 705 2086 καί
728 2019 861 2086 δικαίων
885 2023 940 2086 καί
962 2024 1139 2105 τρυνομίων
1171 2029 1227 2107 τῆς
1250 2015 1310 2086 αί·

49 2153 97 2230 τῆς
119 2154 287 2232 περιοχῆς,
320 2148 558 2234 ίτικρατήστως
580 2149 637 2210 καί
660 2149 768 2236 χωρας
791 2148 846 2210 καί
870 2148 1007 2232 συνόρων
1035 2154 1089 2209 τοῦ
1122 2139 1219 2210 αὐτοῦ
1254 2147 1309 2210 τά·

49 2287 113 2344 του,
142 2270 257 2342 καθὼς
285 2267 389 2356 ίδάδη
417 2276 508 2334 τοῦτο
538 2268 845 2356 συνωμολογημένον
872 2267 911 2348 ¹⁸)
934 2270 1012 2356 πρὸς
1037 2263 1132 2332 αότὸν
1155 2269 1209 2334 διά
1231 2290 1311 2358 χρυ-

50 2392 218 2474 υυβοιίλλοο
244 2395 332 2478 παρὰ
359 2399 414 2456 τοῦ
442 2388 591 2478 ἀοιδίμου
618 2396 674 2458 καί
703 2395 882 2478 μακαρίτου
906 2387 1063 2458 αδδίντου
1086 2396 1143 2457 καί
1168 2389 1308 2484 ἀδελφοῦ

50 2533 111 2596 μου,
136 2523 191 2580 τοῦ
215 2515 372 2599 βασιλίινς
395 2513 519 2582 ἐκείνου
542 2519 652 2602 κυρίου
671 2513 711 2597 ¹¹)
727 2512 898 2610 Στεφάνου,
925 2511 1009 2580 ἀλλὰ
1032 2516 1072 2602 δη
1095 2519 1152 2581 καί
1173 2518 1209 2582 τά
1233 2513 1309 2584 ὅσον

49 2643 171 2726 κατίχτι
196 2640 286 2714 ίντδτ
309 2644 366 2708 καί
390 2639 482 2714 ἐκτὸς
506 2648 561 2728 τῆς
583 2637 706 2728 Ἄρτης
731 2643 825 2728 μέχρι
849 2649 904 2704 τοῦ
927 2649 990 2706 νυν.
1015 2637 1166 2716 ὡσαύτως
1189 2645 1246 2707 καί
1268 2620 1312 2724 ¹¹)

49 2766 95 2851 τὴν
117 2762 228 2848 Ἀγίαν
250 2763 385 2852 Μαύραν
414 2768 493 2852 μετά
517 2773 573 2852 τῆς
595 2762 778 2844 Λευκάδος,
808 2765 862 2852 την
886 2763 1044 2852 Περατίαν
1068 2762 1101 2830 ίν
1125 2765 1167 2854 τι)
1188 2769 1309 2854 δίματι

49 2885 223 2976 Ξηρομίρου
249 2888 291 2970 ¹¹)
314 2891 395 2976 μετά
418 2896 473 2954 τοῦ
497 2887 700 2976 Παραδιίσυυ
727 2892 783 2954 καί
807 2898 867 2954 τῶν
891 2885 1058 2976 Ζαβτρδοίν
1083 2887 1134 2968 ¹¹).
1159 2888 1309 2966 ὡσαύτως

50 3008 76 3075 ὲν
97 3011 138 3098 τῷ
164 3013 284 3100 δίματι
313 3023 373 3078 των
400 3011 579 3078 Ἰωαννίνων
607 3016 711 3100 χωρία
739 3015 779 3078 τά
802 3009 942 3078 Σουδενὰ
968 3011 1007 3092 ¹⁸)
1033 3014 1071 3080 τά
1099 3011 1164 3078 ἄνω
1187 3013 1245 3080 καί
1269 3017 1308 3080 τὰ

50 3139 127 3200 κιίτω
150 3137 205 3203 σάν
229 3139 273 3223 τῷ
294 3135 471 3224 Τσερβάριν
497 3135 538 3218 ¹¹)
560 3141 616 3202 καί
639 3147 699 3204 τοῖιν
722 3134 940 3224 Νεγκαράδιον
967 3141 1024 3204 καί
1051 3117 1103 3204 τὸν
1125 3135 1308 3228 Μανιάκην,

50 3262 94 3323 τὰν
115 3259 231 3340 Ῥιίδν,
259 3262 314 3348 την
337 3259 452 3328 Γλίναν
476 3261 532 3328 σδν
555 3271 594 3350 τῇ
618 3269 673 3350 τῆς
697 3259 869 3344 Βελίτίιυς,
894 3260 949 3328 σίν
973 3272 1011 3350 τη
1035 3271 1095 3330 τῶν
1118 3261 1305 3348 Τσονυβαλ-

52 3386 178 3450 οενάδων
200 3383 253 3466 ¹⁰).
276 3384 322 3450 ἔτι
338 3389 395 3450 καί
417 3383 449 3450 ἐν
472 3386 516 3470 τῷ
537 3386 657 3472 δίματι
681 3393 736 3472 τῆς
758 3383 951 3464 Βαγενετίας
975 3389 1090 3473 χωρίον
1114 3387 1168 3480 την
1193 3385 1305 3454 Στλια-

52 3510 108 3596 νην,
130 3509 202 3584 τοδς
218 3507 390 3596 Κυυρτοδς,
415 3511 450 3574 τδ
474 3509 646 3596 Δυχάιριον,
671 3509 743 3581 τούς
757 3507 922 3594 Βαριάδας
947 3509 1002 3576 σάν
1025 3519 1064 3598 τη
1089 3519 1143 3576 τοῦ
1158 3509 1305 3590 Βουδίσι,

52 3635 80 3697 τδ
101 3632 215 3700 Στάλον
242 3641 299 3700 τοῦ
326 3631 497 3720 Ἐρημίτυυ
529 3635 609 3720 μετὰ
641 3639 695 3696 τοῖν
725 3629 998 3722 Μαυρυκοταμου,
1029 3637 1083 3702 τδν
1107 3634 1225 3722 Πρινία
1249 3637 1305 3702 σδν

52 3765 159 3842 τῇτοδ
194 3755 308 3824 Κακοδ
343 3755 454 3844 Πηλοδ
483 3753 525 3836 ¹¹)
553 3759 609 3820 καί
644 3764 699 3842 τῆς
722 3751 982 3843 Ἡγυυμενίτίας,
1018 3759 1090 3834 τοδς
1119 3757 1305 3838 Δολιανοδς,

54 3939 343 3956 Ἣ

112 4061 136 4122 ¹)
154 4055 270 4129 Τζάφας
289 4057 315 4126 ⁸)
334 4052 448 4129 Ῥοηοδς
466 4055 491 4124 ‚⁸)
509 4051 698 4127 Μαυροβτίίνίν
717 4055 742 4123 ¹)
761 4051 888 4129 Ἀστραν
907 4059 933 4127 ⁸)
951 4053 1084 4132 Καριδάκι
1102 4063 1128 4130 ⁸)
1145 4056 1303 4135 Ἐζάμενον

53 4143 70 4212 ¹)
91 4144 341 4220 δτυκοομκίζυντας
365 4142 404 4208 τίς
430 4144 480 4215 τὴν
504 4141 655 4218 Ἐμιττρινά
680 4144 703 4214 ⁸)
728 4141 894 4222 Τρινυβίανα
917 4147 942 4216 ⁰)
967 4145 1110 4221 Στυτροδνι
1137 4151 1173 4218 ¹¹¹)
1192 4149 1303 4228 Τράρον

52 4233 81 4300 ¹¹)
101 4233 137 4298 τἰς
159 4235 207 4290 τδν
229 4235 352 4308 τοταμδν
381 4231 510 4304 Πυταμάν
536 4232 572 4318 ¹¹)
596 4232 649 4297 ίτυς
673 4231 710 4300 ¹⁸)
734 4234 1002 4308 συνορολογυυμίνον
1028 4238 1064 4305 “)
1088 4247 1171 4310 κυροδ
1195 4239 1231 4307 ¹⁸)
1257 4241 1305 4294 καί

53 4323 114 4378 deest
137 4325 207 4396 apud
230 4323 311 4380 Am.
341 4323 378 4390 ¹⁸)
400 4321 568 4395 Εηρομίρων
592 4319 629 4390 ¹¹)
652 4316 798 4395 Ζαβίρδιον
824 4325 860 4392 ¹⁸)
880 4323 1039 4389 Πεδανάτα,
1069 4327 1139 4399 quod
1162 4330 1260 4400 legitur
1277 4329 1304 4386 ίυ

53 4413 170 4482 οάρὶσκίί,
198 4411 348 4468 emendavit
371 4412 452 4466 Arav.
478 4415 536 4469 ³1³.
563 4411 598 4478 ¹¹)
618 4409 780 4484 Τίτρβάρην
808 4413 845 4480 ¹⁰)
865 4413 910 4469 τδν
935 4411 1025 4478 Ῥιίδν
1045 4415 1094 4472 σδν
1119 4422 1152 4488 τῇ
1176 4423 1227 4491 τῆς
1249 4417 1302 4472 Βε-

53 4499 153 4576 ρήτζης,
181 4503 232 4576 τὴν
259 4498 359 4556 Γλίναν
387 4501 434 4556 σδν
463 4505 497 4572 τῇ
525 4507 578 4556 τῶν
606 4499 886 4570 Τίονοβυολστνάδων
917 4504 955 4572 ¹¹)
986 4501 1167 4578 Βαγενεττίας
1198 4507 1299 4581 χωρίον

54 4591 92 4662 τὴν
118 4591 301 4666 Σιληνιανην,
332 4591 395 4654 τοδς
422 4587 557 4661 Κυρτοδς,
588 4591 618 4644 τδ
646 4591 782 4666 Δοχῶριν,
813 4594 876 4656 τυδς
900 4592 1040 4667 Βαριάδας
1064 4598 1112 4650 σὺν
1138 4601 1171 4670 τῇ
1196 4597 1226 4652 τδ
1251 4595 1302 4652 Βο-

51 4675 119 4752 δίαη,
146 4684 191 4736 τὸν
211 4679 315 4737 Στδλον
335 4686 383 4734 τοῦ
410 4677 553 4752 Ἐρεμιτοό
580 4680 650 4752 μετά
678 4688 725 4736 τυιί
753 4679 975 4758 Μαυροιτοταμοδ
997 4687 1045 4740 σδν
1074 4691 1108 4760 τῇ
1136 4687 1185 4766 τδν
1208 4683 1300 4744 Κακδν

52 4762 138 4838 Πηλάν.
584 4763 587 4776 ’
