<?xml version="1.0" encoding="UTF-8"?>
<!DOCTYPE html PUBLIC "-//W3C//DTD XHTML 1.0 Transitional//EN"
    "http://www.w3.org/TR/xhtml1/DTD/xhtml1-transitional.dtd">
<html xmlns="http://www.w3.org/1999/xhtml" xml:lang="en" lang="en">
 <head>
  <title>
</title>
<meta http-equiv="Content-Type" content="text/html;charset=utf-8" />
  <meta name='ocr-system' content='tesseract 3.04.00' />
  <meta name='ocr-capabilities' content='ocr_page ocr_carea ocr_par ocr_line ocrx_word'/>
</head>
<body>
  <div class='ocr_page' id='page_1' title='image "./actaetdiplomata03miklgoog_0142.png"; bbox 0 0 3148 5268; ppageno 0'>
   <div class='ocr_carea' id='block_1_1' title="bbox 1234 359 1296 424">
    <p class='ocr_par' dir='ltr' id='par_1_1' title="bbox 1234 359 1296 424">
     <span class='ocr_line' id='line_1_1' title="bbox 1234 359 1296 424; baseline 0.032 -2"><span class='ocrx_word' id='word_1_1' title='bbox 1234 359 1296 424; x_wconf 79' lang='lat'><strong>115</strong></span> 
     </span>
    </p>
   </div>
   <div class='ocr_carea' id='block_1_2' title="bbox 46 549 1301 1016">
    <p class='ocr_par' dir='ltr' id='par_1_2' title="bbox 46 549 1301 1016">
     <span class='ocr_line' id='line_1_2' title="bbox 48 549 1300 644; baseline -0.002 -26"><span class='ocrx_word' id='word_1_2' title='bbox 48 563 93 620; x_wconf 88' lang='grc' dir='ltr'><strong>τοῦ</strong></span> <span class='ocrx_word' id='word_1_3' title='bbox 113 554 232 622; x_wconf 89' lang='grc' dir='ltr'><strong>οίκείου</strong></span> <span class='ocrx_word' id='word_1_4' title='bbox 255 558 428 642; x_wconf 86' lang='grc' dir='ltr'><strong>κομουνίυυ</strong></span> <span class='ocrx_word' id='word_1_5' title='bbox 451 564 507 644; x_wconf 80' lang='grc' dir='ltr'><strong>της</strong></span> <span class='ocrx_word' id='word_1_6' title='bbox 530 551 679 630; x_wconf 88' lang='grc' dir='ltr'><strong>Βενετίας</strong></span> <span class='ocrx_word' id='word_1_7' title='bbox 704 551 829 639; x_wconf 75' lang='grc' dir='ltr'><strong>ἔντιμον</strong></span> <span class='ocrx_word' id='word_1_8' title='bbox 849 553 1053 640; x_wconf 89' lang='grc' dir='ltr'><strong>πρεσβευτήν,</strong></span> <span class='ocrx_word' id='word_1_9' title='bbox 1078 549 1243 638; x_wconf 68' lang='grc' dir='ltr'><strong>ἐπίτροπόν</strong></span> <span class='ocrx_word' id='word_1_10' title='bbox 1265 573 1300 616; x_wconf 89' lang='grc' dir='ltr'><strong>τε</strong></span> 
     </span>
     <span class='ocr_line' id='line_1_3' title="bbox 47 673 1299 768; baseline -0.003 -24"><span class='ocrx_word' id='word_1_11' title='bbox 47 683 92 744; x_wconf 88' lang='grc' dir='ltr'><strong>καί</strong></span> <span class='ocrx_word' id='word_1_12' title='bbox 113 681 275 759; x_wconf 88' lang='grc' dir='ltr'><strong>σύνδικον,</strong></span> <span class='ocrx_word' id='word_1_13' title='bbox 304 679 423 768; x_wconf 74' lang='grc' dir='ltr'><strong>ἔχοντα</strong></span> <span class='ocrx_word' id='word_1_14' title='bbox 445 679 568 766; x_wconf 93' lang='grc' dir='ltr'><strong>πλήρη,</strong></span> <span class='ocrx_word' id='word_1_15' title='bbox 603 679 756 766; x_wconf 82' lang='grc' dir='ltr'><strong>καθαρὰν</strong></span> <span class='ocrx_word' id='word_1_16' title='bbox 783 683 840 742; x_wconf 89' lang='grc' dir='ltr'><strong>καί</strong></span> <span class='ocrx_word' id='word_1_17' title='bbox 864 678 1039 764; x_wconf 83' lang='grc' dir='ltr'><strong>έλευθέραν</strong></span> <span class='ocrx_word' id='word_1_18' title='bbox 1064 677 1209 753; x_wconf 74' lang='grc' dir='ltr'><strong>ἐξουσίαν</strong></span> <span class='ocrx_word' id='word_1_19' title='bbox 1233 673 1299 764; x_wconf 85' lang='grc' dir='ltr'><strong>μετ’</strong></span> 
     </span>
     <span class='ocr_line' id='line_1_4' title="bbox 48 799 1300 890; baseline -0.001 -24"><span class='ocrx_word' id='word_1_20' title='bbox 48 803 206 890; x_wconf 76' lang='grc' dir='ltr'><strong>ἐλευθέρου</strong></span> <span class='ocrx_word' id='word_1_21' title='bbox 240 809 296 870; x_wconf 83' lang='grc' dir='ltr'><strong>καί</strong></span> <span class='ocrx_word' id='word_1_22' title='bbox 332 802 476 878; x_wconf 74' lang='grc' dir='ltr'><strong>ἐντελοῦς</strong></span> <span class='ocrx_word' id='word_1_23' title='bbox 512 800 644 890; x_wconf 78' lang='grc' dir='ltr'><strong>ὁρισμοῦ</strong></span> <span class='ocrx_word' id='word_1_24' title='bbox 678 810 733 868; x_wconf 82' lang='grc' dir='ltr'><strong>τοῦ</strong></span> <span class='ocrx_word' id='word_1_25' title='bbox 764 825 797 866; x_wconf 87' lang='grc' dir='ltr'><strong>τε</strong></span> <span class='ocrx_word' id='word_1_26' title='bbox 825 799 1111 888; x_wconf 74' lang='grc' dir='ltr'><strong>ὲπείεργιίζεσθαι,</strong></span> <span class='ocrx_word' id='word_1_27' title='bbox 1147 804 1300 888; x_wconf 88' lang='grc' dir='ltr'><strong>ποιήσειν,</strong></span> 
     </span>
     <span class='ocr_line' id='line_1_5' title="bbox 46 927 1301 1016; baseline 0 -24"><span class='ocrx_word' id='word_1_28' title='bbox 46 931 267 1016; x_wconf 78' lang='grc' dir='ltr'><strong>συνδήσασθαι,</strong></span> <span class='ocrx_word' id='word_1_29' title='bbox 291 927 494 1014; x_wconf 82' lang='grc' dir='ltr'><strong>ίπικοριίισειν</strong></span> <span class='ocrx_word' id='word_1_30' title='bbox 512 951 544 993; x_wconf 89' lang='grc' dir='ltr'><strong>τι</strong></span> <span class='ocrx_word' id='word_1_31' title='bbox 560 931 617 992; x_wconf 82' lang='grc' dir='ltr'><strong>καί</strong></span> <span class='ocrx_word' id='word_1_32' title='bbox 638 928 818 1016; x_wconf 77' lang='grc' dir='ltr'><strong>πληρώσειν</strong></span> <span class='ocrx_word' id='word_1_33' title='bbox 841 928 954 1014; x_wconf 83' lang='grc' dir='ltr'><strong>τρέβαν</strong></span> <span class='ocrx_word' id='word_1_34' title='bbox 979 933 1075 1014; x_wconf 85' lang='grc' dir='ltr'><strong>μέσον</strong></span> <span class='ocrx_word' id='word_1_35' title='bbox 1098 935 1160 992; x_wconf 86' lang='grc' dir='ltr'><strong>πῦν</strong></span> <span class='ocrx_word' id='word_1_36' title='bbox 1183 927 1301 1015; x_wconf 89' lang='grc' dir='ltr'><strong>διαλη-</strong></span> 
     </span>
    </p>
   </div>
   <div class='ocr_carea' id='block_1_3' title="bbox 45 1047 1416 1140">
    <p class='ocr_par' dir='ltr' id='par_1_3' title="bbox 45 1047 1416 1140">
     <span class='ocr_line' id='line_1_6' title="bbox 45 1047 1416 1140; baseline 0.001 -24"><span class='ocrx_word' id='word_1_37' title='bbox 45 1054 174 1140; x_wconf 83' lang='grc' dir='ltr'><strong>ρθίντων</strong></span> <span class='ocrx_word' id='word_1_38' title='bbox 198 1053 422 1140; x_wconf 81' lang='grc' dir='ltr'><strong>γαληνοτείτων</strong></span> <span class='ocrx_word' id='word_1_39' title='bbox 446 1048 609 1118; x_wconf 84' lang='grc' dir='ltr'><strong>αὐθεντῶν</strong></span> <span class='ocrx_word' id='word_1_40' title='bbox 632 1055 689 1116; x_wconf 91' lang='grc' dir='ltr'><strong>καί</strong></span> <span class='ocrx_word' id='word_1_41' title='bbox 713 1051 869 1135; x_wconf 84' lang='grc' dir='ltr'><strong>βασιλέων</strong></span> <span class='ocrx_word' id='word_1_42' title='bbox 893 1055 947 1116; x_wconf 88' lang='grc' dir='ltr'><strong>καί</strong></span> <span class='ocrx_word' id='word_1_43' title='bbox 971 1061 1027 1138; x_wconf 76' lang='grc' dir='ltr'><strong>της</strong></span> <span class='ocrx_word' id='word_1_44' title='bbox 1052 1051 1217 1134; x_wconf 78' lang='grc' dir='ltr'><strong>βασιλείας</strong></span> <span class='ocrx_word' id='word_1_45' title='bbox 1241 1047 1302 1117; x_wconf 88' lang='grc' dir='ltr'><strong>αὐ·</strong></span> <span class='ocrx_word' id='word_1_46' title='bbox 1412 1067 1416 1074; x_wconf 87' lang='grc'><strong>’</strong></span> 
     </span>
    </p>
   </div>
   <div class='ocr_carea' id='block_1_4' title="bbox 41 1174 1358 4484">
    <p class='ocr_par' dir='ltr' id='par_1_4' title="bbox 41 1174 1358 4484">
     <span class='ocr_line' id='line_1_7' title="bbox 45 1174 1302 1264; baseline -0.001 -25"><span class='ocrx_word' id='word_1_47' title='bbox 45 1187 91 1240; x_wconf 81' lang='grc' dir='ltr'><strong>ταν</strong></span> <span class='ocrx_word' id='word_1_48' title='bbox 112 1182 169 1242; x_wconf 87' lang='grc' dir='ltr'><strong>καί</strong></span> <span class='ocrx_word' id='word_1_49' title='bbox 193 1185 249 1242; x_wconf 91' lang='grc' dir='ltr'><strong>τοῦ</strong></span> <span class='ocrx_word' id='word_1_50' title='bbox 274 1179 511 1264; x_wconf 82' lang='grc' dir='ltr'><strong>προρρηθέντος</strong></span> <span class='ocrx_word' id='word_1_51' title='bbox 539 1176 711 1264; x_wconf 82' lang='grc' dir='ltr'><strong>ίπιροινοῦς</strong></span> <span class='ocrx_word' id='word_1_52' title='bbox 740 1174 870 1262; x_wconf 82' lang='grc' dir='ltr'><strong>ἀνδρὸς,</strong></span> <span class='ocrx_word' id='word_1_53' title='bbox 893 1183 952 1262; x_wconf 90' lang='grc' dir='ltr'><strong>κῦρ</strong></span> <span class='ocrx_word' id='word_1_54' title='bbox 983 1174 1135 1260; x_wconf 80' lang='grc' dir='ltr'><strong>Ἀνδρίου</strong></span> <span class='ocrx_word' id='word_1_55' title='bbox 1158 1175 1302 1242; x_wconf 86' lang='grc' dir='ltr'><strong>Δανδσύ·</strong></span> 
     </span>
     <span class='ocr_line' id='line_1_8' title="bbox 44 1295 1302 1388; baseline 0.001 -25"><span class='ocrx_word' id='word_1_56' title='bbox 44 1301 97 1381; x_wconf 90' lang='grc' dir='ltr'><strong>λου,</strong></span> <span class='ocrx_word' id='word_1_57' title='bbox 120 1303 248 1366; x_wconf 90' lang='grc' dir='ltr'><strong>κλεινοῦ</strong></span> <span class='ocrx_word' id='word_1_58' title='bbox 264 1301 390 1378; x_wconf 83' lang='grc' dir='ltr'><strong>δουειῦς,</strong></span> <span class='ocrx_word' id='word_1_59' title='bbox 415 1298 547 1364; x_wconf 83' lang='grc' dir='ltr'><strong>καὶτοῦ</strong></span> <span class='ocrx_word' id='word_1_60' title='bbox 568 1305 740 1385; x_wconf 86' lang='grc' dir='ltr'><strong>κομουνίυυ</strong></span> <span class='ocrx_word' id='word_1_61' title='bbox 765 1295 862 1364; x_wconf 88' lang='grc' dir='ltr'><strong>αὐτοῦ</strong></span> <span class='ocrx_word' id='word_1_62' title='bbox 886 1309 941 1388; x_wconf 82' lang='grc' dir='ltr'><strong>τῆς</strong></span> <span class='ocrx_word' id='word_1_63' title='bbox 963 1298 1125 1378; x_wconf 86' lang='grc' dir='ltr'><strong>Βενιτίας,</strong></span> <span class='ocrx_word' id='word_1_64' title='bbox 1149 1302 1302 1385; x_wconf 80' lang='grc' dir='ltr'><strong>καθάπερ</strong></span> 
     </span>
     <span class='ocr_line' id='line_1_9' title="bbox 44 1421 1303 1512; baseline 0.002 -26"><span class='ocrx_word' id='word_1_65' title='bbox 44 1421 218 1511; x_wconf 78' lang='grc' dir='ltr'><strong>ἐμφαίνεται</strong></span> <span class='ocrx_word' id='word_1_66' title='bbox 252 1423 284 1490; x_wconf 82' lang='grc' dir='ltr'><strong>ίν</strong></span> <span class='ocrx_word' id='word_1_67' title='bbox 313 1425 356 1511; x_wconf 77' lang='grc' dir='ltr'><strong>τῷ</strong></span> <span class='ocrx_word' id='word_1_68' title='bbox 389 1425 534 1512; x_wconf 80' lang='grc' dir='ltr'><strong>δημοσίῳ</strong></span> <span class='ocrx_word' id='word_1_69' title='bbox 569 1427 731 1510; x_wconf 73' lang='grc' dir='ltr'><strong>γράμματι</strong></span> <span class='ocrx_word' id='word_1_70' title='bbox 759 1424 803 1510; x_wconf 75' lang='grc' dir='ltr'><strong>τῷ</strong></span> <span class='ocrx_word' id='word_1_71' title='bbox 836 1427 987 1512; x_wconf 79' lang='grc' dir='ltr'><strong>γραφέντι</strong></span> <span class='ocrx_word' id='word_1_72' title='bbox 1020 1423 1075 1488; x_wconf 79' lang='grc' dir='ltr'><strong>διὰ</strong></span> <span class='ocrx_word' id='word_1_73' title='bbox 1109 1425 1217 1511; x_wconf 81' lang='grc' dir='ltr'><strong>χειρὸς</strong></span> <span class='ocrx_word' id='word_1_74' title='bbox 1247 1431 1303 1488; x_wconf 84' lang='grc' dir='ltr'><strong>τοῦ</strong></span> 
     </span>
     <span class='ocr_line' id='line_1_10' title="bbox 42 1544 1303 1634; baseline 0 -22"><span class='ocrx_word' id='word_1_75' title='bbox 42 1544 194 1632; x_wconf 77' lang='grc' dir='ltr'><strong>’λμσδίοο</strong></span> <span class='ocrx_word' id='word_1_76' title='bbox 221 1552 272 1614; x_wconf 81' lang='grc' dir='ltr'><strong>ντί</strong></span> <span class='ocrx_word' id='word_1_77' title='bbox 295 1546 557 1628; x_wconf 81' lang='grc' dir='ltr'><strong>δίπονγαδοίνοις,</strong></span> <span class='ocrx_word' id='word_1_78' title='bbox 587 1548 739 1634; x_wconf 81' lang='grc' dir='ltr'><strong>βασιλικῇ</strong></span> <span class='ocrx_word' id='word_1_79' title='bbox 767 1545 862 1632; x_wconf 78' lang='grc' dir='ltr'><strong>ἀδείη</strong></span> <span class='ocrx_word' id='word_1_80' title='bbox 888 1547 1044 1634; x_wconf 88' lang='grc' dir='ltr'><strong>δημοσίου</strong></span> <span class='ocrx_word' id='word_1_81' title='bbox 1073 1553 1219 1634; x_wconf 87' lang='grc' dir='ltr'><strong>νοταρίοο</strong></span> <span class='ocrx_word' id='word_1_82' title='bbox 1245 1551 1303 1612; x_wconf 83' lang='grc' dir='ltr'><strong>καί</strong></span> 
     </span>
     <span class='ocr_line' id='line_1_11' title="bbox 42 1669 1303 1760; baseline -0.002 -22"><span class='ocrx_word' id='word_1_83' title='bbox 42 1677 244 1758; x_wconf 78' lang='grc' dir='ltr'><strong>γραμματέως</strong></span> <span class='ocrx_word' id='word_1_84' title='bbox 269 1683 324 1738; x_wconf 90' lang='grc' dir='ltr'><strong>τοῦ</strong></span> <span class='ocrx_word' id='word_1_85' title='bbox 347 1673 506 1738; x_wconf 84' lang='grc' dir='ltr'><strong>δοοκοίτοο</strong></span> <span class='ocrx_word' id='word_1_86' title='bbox 533 1680 591 1760; x_wconf 80' lang='grc' dir='ltr'><strong>τῆς</strong></span> <span class='ocrx_word' id='word_1_87' title='bbox 617 1669 766 1744; x_wconf 88' lang='grc' dir='ltr'><strong>Βενετίας</strong></span> <span class='ocrx_word' id='word_1_88' title='bbox 793 1674 879 1736; x_wconf 83' lang='grc' dir='ltr'><strong>κατὰ</strong></span> <span class='ocrx_word' id='word_1_89' title='bbox 907 1673 942 1735; x_wconf 86' lang='grc' dir='ltr'>τό</span> <span class='ocrx_word' id='word_1_90' title='bbox 965 1673 1067 1756; x_wconf 86' lang='grc' dir='ltr'><strong>παρόν</strong></span> <span class='ocrx_word' id='word_1_91' title='bbox 1095 1671 1167 1744; x_wconf 75' lang='grc' dir='ltr'><strong>ἔτος</strong></span> <span class='ocrx_word' id='word_1_92' title='bbox 1190 1675 1303 1736; x_wconf 82' lang='grc' dir='ltr'><strong>τεκαὶ</strong></span> 
     </span>
     <span class='ocr_line' id='line_1_12' title="bbox 43 1794 1301 1882; baseline 0 -22"><span class='ocrx_word' id='word_1_93' title='bbox 43 1798 87 1882; x_wconf 78' lang='grc' dir='ltr'><strong>τήν</strong></span> <span class='ocrx_word' id='word_1_94' title='bbox 110 1797 266 1874; x_wconf 86' lang='grc' dir='ltr'><strong>ίνδικτον,</strong></span> <span class='ocrx_word' id='word_1_95' title='bbox 301 1799 357 1862; x_wconf 86' lang='grc' dir='ltr'><strong>καί</strong></span> <span class='ocrx_word' id='word_1_96' title='bbox 390 1797 505 1882; x_wconf 74' lang='grc' dir='ltr'><strong>μεταξὺ</strong></span> <span class='ocrx_word' id='word_1_97' title='bbox 529 1805 589 1860; x_wconf 77' lang='grc' dir='ltr'><strong>τῶν</strong></span> <span class='ocrx_word' id='word_1_98' title='bbox 612 1797 855 1882; x_wconf 74' lang='grc' dir='ltr'><strong>προρρηθέντων</strong></span> <span class='ocrx_word' id='word_1_99' title='bbox 879 1794 1043 1862; x_wconf 74' lang='grc' dir='ltr'><strong>αὐθεντῶν</strong></span> <span class='ocrx_word' id='word_1_100' title='bbox 1066 1799 1122 1860; x_wconf 89' lang='grc' dir='ltr'><strong>καί</strong></span> <span class='ocrx_word' id='word_1_101' title='bbox 1146 1797 1301 1880; x_wconf 76' lang='grc' dir='ltr'><strong>βασιλίσιν</strong></span> 
     </span>
     <span class='ocr_line' id='line_1_13' title="bbox 41 1917 1303 2008; baseline 0 -24"><span class='ocrx_word' id='word_1_102' title='bbox 41 1926 87 1985; x_wconf 83' lang='grc' dir='ltr'><strong>καί</strong></span> <span class='ocrx_word' id='word_1_103' title='bbox 112 1931 169 1988; x_wconf 89' lang='grc' dir='ltr'><strong>τοῦ</strong></span> <span class='ocrx_word' id='word_1_104' title='bbox 204 1921 408 2008; x_wconf 81' lang='grc' dir='ltr'><strong>δηλωθέντος</strong></span> <span class='ocrx_word' id='word_1_105' title='bbox 444 1917 688 2006; x_wconf 81' lang='grc' dir='ltr'><strong>ἀποκρισιαρίου</strong></span> <span class='ocrx_word' id='word_1_106' title='bbox 722 1927 782 2005; x_wconf 88' lang='grc' dir='ltr'><strong>κῦρ</strong></span> <span class='ocrx_word' id='word_1_107' title='bbox 821 1918 982 2006; x_wconf 83' lang='grc' dir='ltr'><strong>Ζαχαρίου</strong></span> <span class='ocrx_word' id='word_1_108' title='bbox 1017 1929 1072 1984; x_wconf 90' lang='grc' dir='ltr'><strong>τοῦ</strong></span> <span class='ocrx_word' id='word_1_109' title='bbox 1107 1919 1303 2006; x_wconf 82' lang='grc' dir='ltr'><strong>Κονταρίνου</strong></span> 
     </span>
     <span class='ocr_line' id='line_1_14' title="bbox 43 2041 1302 2133; baseline 0.001 -27"><span class='ocrx_word' id='word_1_110' title='bbox 43 2043 77 2130; x_wconf 71' lang='grc' dir='ltr'><strong>ιη’»</strong></span> <span class='ocrx_word' id='word_1_111' title='bbox 100 2043 234 2131; x_wconf 84' lang='grc' dir='ltr'><strong>ὐνίματι</strong></span> <span class='ocrx_word' id='word_1_112' title='bbox 262 2049 318 2108; x_wconf 88' lang='grc' dir='ltr'><strong>καί</strong></span> <span class='ocrx_word' id='word_1_113' title='bbox 347 2044 462 2130; x_wconf 85' lang='grc' dir='ltr'><strong>δικαίιρ</strong></span> <span class='ocrx_word' id='word_1_114' title='bbox 491 2050 546 2108; x_wconf 86' lang='grc' dir='ltr'><strong>τοῦ</strong></span> <span class='ocrx_word' id='word_1_115' title='bbox 574 2044 718 2108; x_wconf 84' lang='grc' dir='ltr'><strong>τοιοῦεου</strong></span> <span class='ocrx_word' id='word_1_116' title='bbox 747 2041 917 2133; x_wconf 77' lang='grc' dir='ltr'><strong>λπιρανοῦς</strong></span> <span class='ocrx_word' id='word_1_117' title='bbox 946 2053 1006 2130; x_wconf 91' lang='grc' dir='ltr'><strong>κῦρ</strong></span> <span class='ocrx_word' id='word_1_118' title='bbox 1029 2043 1145 2117; x_wconf 82' lang='grc' dir='ltr'><strong>δουκός</strong></span> <span class='ocrx_word' id='word_1_119' title='bbox 1168 2048 1224 2110; x_wconf 89' lang='grc' dir='ltr'><strong>καί</strong></span> <span class='ocrx_word' id='word_1_120' title='bbox 1247 2052 1302 2108; x_wconf 89' lang='grc' dir='ltr'><strong>τοῦ</strong></span> 
     </span>
     <span class='ocr_line' id='line_1_15' title="bbox 42 2163 1301 2255; baseline 0.002 -25"><span class='ocrx_word' id='word_1_121' title='bbox 42 2173 204 2254; x_wconf 87' lang='grc' dir='ltr'><strong>κομουνίυυ</strong></span> <span class='ocrx_word' id='word_1_122' title='bbox 236 2167 389 2242; x_wconf 90' lang='grc' dir='ltr'><strong>Βενετίας</strong></span> <span class='ocrx_word' id='word_1_123' title='bbox 423 2171 479 2234; x_wconf 89' lang='grc' dir='ltr'><strong>καί</strong></span> <span class='ocrx_word' id='word_1_124' title='bbox 507 2164 582 2253; x_wconf 82' lang='grc' dir='ltr'><strong>ὁπλρ</strong></span> <span class='ocrx_word' id='word_1_125' title='bbox 617 2163 718 2232; x_wconf 81' lang='grc' dir='ltr'><strong>αὐτῶν</strong></span> <span class='ocrx_word' id='word_1_126' title='bbox 747 2163 796 2232; x_wconf 76' lang='grc' dir='ltr'><strong>δαί</strong></span> <span class='ocrx_word' id='word_1_127' title='bbox 826 2179 890 2240; x_wconf 77' lang='grc' dir='ltr'><strong>τοῖς</strong></span> <span class='ocrx_word' id='word_1_128' title='bbox 916 2169 1140 2255; x_wconf 76' lang='grc' dir='ltr'><strong>προρρηθεῖσιν</strong></span> <span class='ocrx_word' id='word_1_129' title='bbox 1169 2164 1301 2254; x_wconf 89' lang='grc' dir='ltr'><strong>ὁμιλίαι,</strong></span> 
     </span>
     <span class='ocr_line' id='line_1_16' title="bbox 42 2287 1303 2378; baseline 0.002 -24"><span class='ocrx_word' id='word_1_130' title='bbox 42 2292 122 2372; x_wconf 79' lang='grc' dir='ltr'><strong>λέγοι</strong></span> <span class='ocrx_word' id='word_1_131' title='bbox 146 2315 180 2356; x_wconf 89' lang='grc' dir='ltr'><strong>τε</strong></span> <span class='ocrx_word' id='word_1_132' title='bbox 205 2289 263 2358; x_wconf 86' lang='grc' dir='ltr'><strong>καὶ</strong></span> <span class='ocrx_word' id='word_1_133' title='bbox 286 2290 508 2377; x_wconf 71' lang='grc' dir='ltr'><strong>επείεργασεις</strong></span> <span class='ocrx_word' id='word_1_134' title='bbox 532 2288 579 2356; x_wconf 82' lang='grc' dir='ltr'><strong>ὅτι</strong></span> <span class='ocrx_word' id='word_1_135' title='bbox 606 2293 751 2356; x_wconf 76' lang='grc' dir='ltr'><strong>πλεῖσται</strong></span> <span class='ocrx_word' id='word_1_136' title='bbox 773 2295 971 2378; x_wconf 74' lang='grc' dir='ltr'><strong>κεκίνηνταί,</strong></span> <span class='ocrx_word' id='word_1_137' title='bbox 1006 2291 1183 2356; x_wconf 74' lang='grc' dir='ltr'><strong>τελευταῖον</strong></span> <span class='ocrx_word' id='word_1_138' title='bbox 1213 2287 1303 2357; x_wconf 87' lang='grc' dir='ltr'><strong>αὐτοί</strong></span> 
     </span>
     <span class='ocr_line' id='line_1_17' title="bbox 42 2410 1301 2504; baseline 0.002 -26"><span class='ocrx_word' id='word_1_139' title='bbox 42 2411 66 2478; x_wconf 84' lang='grc' dir='ltr'><strong>οἱ</strong></span> <span class='ocrx_word' id='word_1_140' title='bbox 85 2417 297 2503; x_wconf 86' lang='grc' dir='ltr'><strong>γαληνύτατοι</strong></span> <span class='ocrx_word' id='word_1_141' title='bbox 326 2412 480 2482; x_wconf 77' lang='grc' dir='ltr'><strong>αὐθένται</strong></span> <span class='ocrx_word' id='word_1_142' title='bbox 503 2420 560 2482; x_wconf 88' lang='grc' dir='ltr'><strong>καί</strong></span> <span class='ocrx_word' id='word_1_143' title='bbox 584 2415 724 2500; x_wconf 76' lang='grc' dir='ltr'><strong>βασιλεῖς</strong></span> <span class='ocrx_word' id='word_1_144' title='bbox 756 2412 850 2504; x_wconf 80' lang='grc' dir='ltr'><strong>ἄμρω</strong></span> <span class='ocrx_word' id='word_1_145' title='bbox 875 2410 955 2500; x_wconf 90' lang='grc' dir='ltr'><strong>ὁμοῦ</strong></span> <span class='ocrx_word' id='word_1_146' title='bbox 978 2419 1034 2480; x_wconf 87' lang='grc' dir='ltr'><strong>καί</strong></span> <span class='ocrx_word' id='word_1_147' title='bbox 1066 2413 1217 2502; x_wconf 73' lang='grc' dir='ltr'><strong>ἑκάτερος</strong></span> <span class='ocrx_word' id='word_1_148' title='bbox 1241 2412 1301 2480; x_wconf 84' lang='grc' dir='ltr'><strong>αὐ·</strong></span> 
     </span>
     <span class='ocr_line' id='line_1_18' title="bbox 43 2537 1301 2627; baseline 0.004 -26"><span class='ocrx_word' id='word_1_149' title='bbox 43 2550 91 2604; x_wconf 77' lang='grc' dir='ltr'><strong>ιῦν</strong></span> <span class='ocrx_word' id='word_1_150' title='bbox 110 2538 183 2606; x_wconf 84' lang='grc' dir='ltr'><strong>κατ’</strong></span> <span class='ocrx_word' id='word_1_151' title='bbox 206 2540 292 2606; x_wconf 86' lang='grc' dir='ltr'><strong>ίδίαν</strong></span> <span class='ocrx_word' id='word_1_152' title='bbox 319 2544 374 2606; x_wconf 84' lang='grc' dir='ltr'><strong>καί</strong></span> <span class='ocrx_word' id='word_1_153' title='bbox 397 2539 438 2606; x_wconf 79' lang='grc' dir='ltr'><strong>δι’</strong></span> <span class='ocrx_word' id='word_1_154' title='bbox 461 2537 581 2606; x_wconf 81' lang='grc' dir='ltr'><strong>ὁαυτιῦν</strong></span> <span class='ocrx_word' id='word_1_155' title='bbox 604 2562 638 2604; x_wconf 92' lang='grc' dir='ltr'><strong>τε</strong></span> <span class='ocrx_word' id='word_1_156' title='bbox 662 2538 718 2604; x_wconf 88' lang='grc' dir='ltr'><strong>καί</strong></span> <span class='ocrx_word' id='word_1_157' title='bbox 742 2549 803 2604; x_wconf 79' lang='grc' dir='ltr'><strong>τῶν</strong></span> <span class='ocrx_word' id='word_1_158' title='bbox 825 2539 1032 2626; x_wconf 84' lang='grc' dir='ltr'><strong>κληρονόμων</strong></span> <span class='ocrx_word' id='word_1_159' title='bbox 1060 2545 1117 2604; x_wconf 89' lang='grc' dir='ltr'><strong>καί</strong></span> <span class='ocrx_word' id='word_1_160' title='bbox 1140 2541 1301 2627; x_wconf 82' lang='grc' dir='ltr'><strong>διαδόχων</strong></span> 
     </span>
     <span class='ocr_line' id='line_1_19' title="bbox 43 2661 1302 2750; baseline 0.002 -25"><span class='ocrx_word' id='word_1_161' title='bbox 43 2661 134 2730; x_wconf 76' lang='grc' dir='ltr'><strong>αὐτῶν</strong></span> <span class='ocrx_word' id='word_1_162' title='bbox 162 2668 219 2730; x_wconf 88' lang='grc' dir='ltr'><strong>καί</strong></span> <span class='ocrx_word' id='word_1_163' title='bbox 242 2662 259 2730; x_wconf 93' lang='grc' dir='ltr'><strong>ὁ</strong></span> <span class='ocrx_word' id='word_1_164' title='bbox 283 2671 424 2738; x_wconf 87' lang='grc' dir='ltr'><strong>τοιοῦτος</strong></span> <span class='ocrx_word' id='word_1_165' title='bbox 452 2671 512 2750; x_wconf 89' lang='grc' dir='ltr'><strong>κῦρ</strong></span> <span class='ocrx_word' id='word_1_166' title='bbox 543 2661 785 2750; x_wconf 79' lang='grc' dir='ltr'><strong>ἀποκρισιαίριος</strong></span> <span class='ocrx_word' id='word_1_167' title='bbox 809 2663 853 2750; x_wconf 71' lang='grc' dir='ltr'><strong>τῷ</strong></span> <span class='ocrx_word' id='word_1_168' title='bbox 874 2661 1007 2750; x_wconf 84' lang='grc' dir='ltr'><strong>ὐνῦματι</strong></span> <span class='ocrx_word' id='word_1_169' title='bbox 1030 2668 1086 2730; x_wconf 84' lang='grc' dir='ltr'><strong>καί</strong></span> <span class='ocrx_word' id='word_1_170' title='bbox 1108 2663 1223 2750; x_wconf 77' lang='grc' dir='ltr'><strong>δικαίῳ</strong></span> <span class='ocrx_word' id='word_1_171' title='bbox 1247 2672 1302 2729; x_wconf 88' lang='grc' dir='ltr'><strong>τοῦ</strong></span> 
     </span>
     <span class='ocr_line' id='line_1_20' title="bbox 43 2784 1302 2876; baseline 0.002 -26"><span class='ocrx_word' id='word_1_172' title='bbox 43 2787 236 2874; x_wconf 76' lang='grc' dir='ltr'><strong>δηλωθέντος</strong></span> <span class='ocrx_word' id='word_1_173' title='bbox 251 2795 310 2874; x_wconf 87' lang='grc' dir='ltr'><strong>κῦρ</strong></span> <span class='ocrx_word' id='word_1_174' title='bbox 326 2788 440 2861; x_wconf 86' lang='grc' dir='ltr'><strong>δουκός</strong></span> <span class='ocrx_word' id='word_1_175' title='bbox 457 2791 512 2852; x_wconf 84' lang='grc' dir='ltr'><strong>καί</strong></span> <span class='ocrx_word' id='word_1_176' title='bbox 533 2796 590 2852; x_wconf 88' lang='grc' dir='ltr'><strong>τοῦ</strong></span> <span class='ocrx_word' id='word_1_177' title='bbox 614 2791 786 2873; x_wconf 89' lang='grc' dir='ltr'><strong>κομουνίυυ</strong></span> <span class='ocrx_word' id='word_1_178' title='bbox 809 2797 864 2876; x_wconf 80' lang='grc' dir='ltr'><strong>τῆς</strong></span> <span class='ocrx_word' id='word_1_179' title='bbox 879 2786 1029 2861; x_wconf 86' lang='grc' dir='ltr'><strong>Βενετίας</strong></span> <span class='ocrx_word' id='word_1_180' title='bbox 1047 2784 1123 2874; x_wconf 84' lang='grc' dir='ltr'><strong>ὁπέρ</strong></span> <span class='ocrx_word' id='word_1_181' title='bbox 1140 2784 1302 2874; x_wconf 75' lang='grc' dir='ltr'><strong>αὐξήσεως</strong></span> 
     </span>
     <span class='ocr_line' id='line_1_21' title="bbox 43 2907 1358 3000; baseline 0.002 -28"><span class='ocrx_word' id='word_1_182' title='bbox 43 2909 193 3000; x_wconf 84' lang='grc' dir='ltr'><strong>είρηνικης</strong></span> <span class='ocrx_word' id='word_1_183' title='bbox 214 2913 357 2999; x_wconf 79' lang='grc' dir='ltr'><strong>γαλήνης</strong></span> <span class='ocrx_word' id='word_1_184' title='bbox 377 2914 432 2976; x_wconf 91' lang='grc' dir='ltr'><strong>καί</strong></span> <span class='ocrx_word' id='word_1_185' title='bbox 449 2911 649 2994; x_wconf 80' lang='grc' dir='ltr'><strong>βεβαιώσεως</strong></span> <span class='ocrx_word' id='word_1_186' title='bbox 673 2919 728 2996; x_wconf 82' lang='grc' dir='ltr'><strong>της</strong></span> <span class='ocrx_word' id='word_1_187' title='bbox 752 2907 903 2984; x_wconf 80' lang='grc' dir='ltr'><strong>εἰωθυίας</strong></span> <span class='ocrx_word' id='word_1_188' title='bbox 928 2908 1055 2998; x_wconf 78' lang='grc' dir='ltr'><strong>ἀγάπης</strong></span> <span class='ocrx_word' id='word_1_189' title='bbox 1079 2913 1302 3000; x_wconf 79' lang='grc' dir='ltr'><strong>συνεφώνησαν</strong></span> <span class='ocrx_word' id='word_1_190' title='bbox 1353 2946 1358 2955; x_wconf 78' lang='lat'><em>,</em></span> 
     </span>
     <span class='ocr_line' id='line_1_22' title="bbox 43 3029 1301 3122; baseline 0.002 -26"><span class='ocrx_word' id='word_1_191' title='bbox 43 3031 113 3118; x_wconf 79' lang='grc' dir='ltr'><strong>ὁμσῦ</strong></span> <span class='ocrx_word' id='word_1_192' title='bbox 136 3039 193 3100; x_wconf 86' lang='grc' dir='ltr'><strong>καί</strong></span> <span class='ocrx_word' id='word_1_193' title='bbox 215 3035 459 3121; x_wconf 74' lang='grc' dir='ltr'><strong>προσεδέξαντο,</strong></span> <span class='ocrx_word' id='word_1_194' title='bbox 488 3037 682 3101; x_wconf 75' lang='grc' dir='ltr'><strong>κατένευσαν</strong></span> <span class='ocrx_word' id='word_1_195' title='bbox 711 3055 745 3098; x_wconf 90' lang='grc' dir='ltr'><strong>τε</strong></span> <span class='ocrx_word' id='word_1_196' title='bbox 768 3036 823 3098; x_wconf 89' lang='grc' dir='ltr'><strong>καί</strong></span> <span class='ocrx_word' id='word_1_197' title='bbox 845 3029 1029 3121; x_wconf 82' lang='grc' dir='ltr'><strong>ἠθέλησαν,</strong></span> <span class='ocrx_word' id='word_1_198' title='bbox 1054 3034 1301 3122; x_wconf 76' lang='grc' dir='ltr'><strong>ἐπικυρώσαντες</strong></span> 
     </span>
     <span class='ocr_line' id='line_1_23' title="bbox 43 3154 1301 3246; baseline 0.001 -24"><span class='ocrx_word' id='word_1_199' title='bbox 43 3155 188 3246; x_wconf 77' lang='grc' dir='ltr'><strong>ὁμοβόχφ</strong></span> <span class='ocrx_word' id='word_1_200' title='bbox 205 3161 316 3245; x_wconf 79' lang='grc' dir='ltr'><strong>γνώμη</strong></span> <span class='ocrx_word' id='word_1_201' title='bbox 332 3161 388 3224; x_wconf 88' lang='grc' dir='ltr'><strong>καί</strong></span> <span class='ocrx_word' id='word_1_202' title='bbox 405 3168 538 3246; x_wconf 81' lang='grc' dir='ltr'><strong>στοργή,</strong></span> <span class='ocrx_word' id='word_1_203' title='bbox 563 3155 615 3224; x_wconf 82' lang='grc' dir='ltr'><strong>ἵνα</strong></span> <span class='ocrx_word' id='word_1_204' title='bbox 632 3154 694 3222; x_wconf 84' lang='grc' dir='ltr'><strong>ὐιτὸ</strong></span> <span class='ocrx_word' id='word_1_205' title='bbox 717 3165 773 3223; x_wconf 86' lang='grc' dir='ltr'><strong>τοῦ</strong></span> <span class='ocrx_word' id='word_1_206' title='bbox 796 3165 848 3222; x_wconf 91' lang='grc' dir='ltr'><strong>νῦν</strong></span> <span class='ocrx_word' id='word_1_207' title='bbox 873 3161 968 3244; x_wconf 81' lang='grc' dir='ltr'><strong>μέχρι</strong></span> <span class='ocrx_word' id='word_1_208' title='bbox 984 3163 1040 3222; x_wconf 85' lang='grc' dir='ltr'><strong>καί</strong></span> <span class='ocrx_word' id='word_1_209' title='bbox 1055 3161 1147 3223; x_wconf 85' lang='grc' dir='ltr'><strong>πέντε</strong></span> <span class='ocrx_word' id='word_1_210' title='bbox 1169 3159 1301 3244; x_wconf 78' lang='grc' dir='ltr'><strong>χρόνον,</strong></span> 
     </span>
     <span class='ocr_line' id='line_1_24' title="bbox 43 3278 1301 3370; baseline 0.002 -26"><span class='ocrx_word' id='word_1_211' title='bbox 43 3279 219 3370; x_wconf 76' lang='grc' dir='ltr'><strong>ἀρχομένων</strong></span> <span class='ocrx_word' id='word_1_212' title='bbox 236 3285 320 3348; x_wconf 81' lang='grc' dir='ltr'><strong>κατὰ</strong></span> <span class='ocrx_word' id='word_1_213' title='bbox 336 3284 391 3370; x_wconf 84' lang='grc' dir='ltr'><strong>τήν</strong></span> <span class='ocrx_word' id='word_1_214' title='bbox 407 3278 528 3370; x_wconf 87' lang='grc' dir='ltr'><strong>ήμίραν</strong></span> <span class='ocrx_word' id='word_1_215' title='bbox 545 3291 600 3370; x_wconf 83' lang='grc' dir='ltr'><strong>τῆς</strong></span> <span class='ocrx_word' id='word_1_216' title='bbox 614 3283 780 3368; x_wconf 79' lang='grc' dir='ltr'><strong>παρούσης</strong></span> <span class='ocrx_word' id='word_1_217' title='bbox 797 3282 1019 3368; x_wconf 85' lang='grc' dir='ltr'><strong>σομβιβιίσεως</strong></span> <span class='ocrx_word' id='word_1_218' title='bbox 1043 3285 1098 3346; x_wconf 88' lang='grc' dir='ltr'><strong>καί</strong></span> <span class='ocrx_word' id='word_1_219' title='bbox 1123 3280 1167 3356; x_wconf 86' lang='grc' dir='ltr'><strong>είς</strong></span> <span class='ocrx_word' id='word_1_220' title='bbox 1190 3284 1225 3346; x_wconf 84' lang='grc' dir='ltr'><strong>τῦ</strong></span> <span class='ocrx_word' id='word_1_221' title='bbox 1243 3281 1301 3368; x_wconf 79' lang='grc' dir='ltr'><strong>ίμ-</strong></span> 
     </span>
     <span class='ocr_line' id='line_1_25' title="bbox 42 3402 1301 3492; baseline 0.001 -25"><span class='ocrx_word' id='word_1_222' title='bbox 42 3408 173 3490; x_wconf 86' lang='grc' dir='ltr'><strong>τροοθεν</strong></span> <span class='ocrx_word' id='word_1_223' title='bbox 198 3403 428 3492; x_wconf 70' lang='grc' dir='ltr'><strong>ἐλευσομένων,</strong></span> <span class='ocrx_word' id='word_1_224' title='bbox 450 3407 566 3492; x_wconf 72' lang='grc' dir='ltr'><strong>μεταξὺ</strong></span> <span class='ocrx_word' id='word_1_225' title='bbox 589 3402 691 3470; x_wconf 80' lang='grc' dir='ltr'><strong>αὐτῶν</strong></span> <span class='ocrx_word' id='word_1_226' title='bbox 714 3427 747 3470; x_wconf 89' lang='grc' dir='ltr'><strong>τε</strong></span> <span class='ocrx_word' id='word_1_227' title='bbox 771 3409 827 3470; x_wconf 89' lang='grc' dir='ltr'><strong>καί</strong></span> <span class='ocrx_word' id='word_1_228' title='bbox 851 3414 906 3492; x_wconf 81' lang='grc' dir='ltr'><strong>τῆς</strong></span> <span class='ocrx_word' id='word_1_229' title='bbox 931 3406 1096 3490; x_wconf 86' lang='grc' dir='ltr'><strong>βασιλείας</strong></span> <span class='ocrx_word' id='word_1_230' title='bbox 1119 3402 1221 3470; x_wconf 77' lang='grc' dir='ltr'><strong>αὐτῶν</strong></span> <span class='ocrx_word' id='word_1_231' title='bbox 1245 3407 1301 3469; x_wconf 87' lang='grc' dir='ltr'><strong>καί</strong></span> 
     </span>
     <span class='ocr_line' id='line_1_26' title="bbox 43 3525 1301 3616; baseline 0.001 -25"><span class='ocrx_word' id='word_1_232' title='bbox 43 3539 95 3593; x_wconf 85' lang='grc' dir='ltr'><strong>ιῦν</strong></span> <span class='ocrx_word' id='word_1_233' title='bbox 123 3527 298 3616; x_wconf 76' lang='grc' dir='ltr'><strong>ἀνθρώπων</strong></span> <span class='ocrx_word' id='word_1_234' title='bbox 322 3525 424 3594; x_wconf 74' lang='grc' dir='ltr'><strong>αὐτῶν</strong></span> <span class='ocrx_word' id='word_1_235' title='bbox 447 3535 504 3596; x_wconf 87' lang='grc' dir='ltr'><strong>καί</strong></span> <span class='ocrx_word' id='word_1_236' title='bbox 528 3525 625 3596; x_wconf 88' lang='grc' dir='ltr'><strong>αὐτοῦ</strong></span> <span class='ocrx_word' id='word_1_237' title='bbox 648 3536 703 3594; x_wconf 89' lang='grc' dir='ltr'><strong>τοῦ</strong></span> <span class='ocrx_word' id='word_1_238' title='bbox 725 3537 784 3616; x_wconf 89' lang='grc' dir='ltr'><strong>κῦρ</strong></span> <span class='ocrx_word' id='word_1_239' title='bbox 809 3529 925 3602; x_wconf 86' lang='grc' dir='ltr'><strong>δοοκός</strong></span> <span class='ocrx_word' id='word_1_240' title='bbox 954 3533 1011 3594; x_wconf 85' lang='grc' dir='ltr'><strong>καί</strong></span> <span class='ocrx_word' id='word_1_241' title='bbox 1034 3537 1089 3594; x_wconf 89' lang='grc' dir='ltr'><strong>τοῦ</strong></span> <span class='ocrx_word' id='word_1_242' title='bbox 1110 3533 1301 3615; x_wconf 91' lang='grc' dir='ltr'><strong>κουμουνίου</strong></span> 
     </span>
     <span class='ocr_line' id='line_1_27' title="bbox 42 3649 1299 3740; baseline 0.002 -25"><span class='ocrx_word' id='word_1_243' title='bbox 42 3649 179 3728; x_wconf 85' lang='grc' dir='ltr'><strong>Βενετίας</strong></span> <span class='ocrx_word' id='word_1_244' title='bbox 194 3659 251 3720; x_wconf 86' lang='grc' dir='ltr'><strong>καί</strong></span> <span class='ocrx_word' id='word_1_245' title='bbox 272 3662 332 3718; x_wconf 76' lang='grc' dir='ltr'><strong>τῶν</strong></span> <span class='ocrx_word' id='word_1_246' title='bbox 356 3650 531 3740; x_wconf 74' lang='grc' dir='ltr'><strong>ἀνθρώπων</strong></span> <span class='ocrx_word' id='word_1_247' title='bbox 555 3649 658 3718; x_wconf 78' lang='grc' dir='ltr'><strong>αὐτῶν</strong></span> <span class='ocrx_word' id='word_1_248' title='bbox 681 3653 777 3740; x_wconf 85' lang='grc' dir='ltr'><strong>τρέβα</strong></span> <span class='ocrx_word' id='word_1_249' title='bbox 800 3654 1013 3718; x_wconf 84' lang='grc' dir='ltr'><strong>συνίστασθαι</strong></span> <span class='ocrx_word' id='word_1_250' title='bbox 1035 3650 1160 3740; x_wconf 81' lang='grc' dir='ltr'><strong>θρείλη,</strong></span> <span class='ocrx_word' id='word_1_251' title='bbox 1185 3653 1299 3740; x_wconf 81' lang='grc' dir='ltr'><strong>διαμέ-</strong></span> 
     </span>
     <span class='ocr_line' id='line_1_28' title="bbox 42 3774 1303 3865; baseline 0.001 -26"><span class='ocrx_word' id='word_1_252' title='bbox 42 3797 130 3842; x_wconf 87' lang='grc' dir='ltr'><strong>νουσα</strong></span> <span class='ocrx_word' id='word_1_253' title='bbox 158 3775 224 3865; x_wconf 89' lang='grc' dir='ltr'><strong>μετ’</strong></span> <span class='ocrx_word' id='word_1_254' title='bbox 254 3776 448 3864; x_wconf 84' lang='grc' dir='ltr'><strong>είλοκρινοῦς</strong></span> <span class='ocrx_word' id='word_1_255' title='bbox 476 3774 627 3864; x_wconf 80' lang='grc' dir='ltr'><strong>ὁμονοίας</strong></span> <span class='ocrx_word' id='word_1_256' title='bbox 653 3781 709 3842; x_wconf 86' lang='grc' dir='ltr'><strong>καί</strong></span> <span class='ocrx_word' id='word_1_257' title='bbox 745 3777 920 3861; x_wconf 78' lang='grc' dir='ltr'><strong>βεβαιοῦσα</strong></span> <span class='ocrx_word' id='word_1_258' title='bbox 943 3781 999 3842; x_wconf 85' lang='grc' dir='ltr'><strong>καί</strong></span> <span class='ocrx_word' id='word_1_259' title='bbox 1022 3779 1223 3864; x_wconf 84' lang='grc' dir='ltr'><strong>κρατῦνουσα</strong></span> <span class='ocrx_word' id='word_1_260' title='bbox 1245 3779 1303 3844; x_wconf 87' lang='grc' dir='ltr'><strong>καί</strong></span> 
     </span>
     <span class='ocr_line' id='line_1_29' title="bbox 45 3899 1301 3989; baseline -0.002 -23"><span class='ocrx_word' id='word_1_261' title='bbox 45 3905 129 3988; x_wconf 76' lang='grc' dir='ltr'><strong>μέχρι</strong></span> <span class='ocrx_word' id='word_1_262' title='bbox 150 3910 207 3989; x_wconf 84' lang='grc' dir='ltr'><strong>τῆς</strong></span> <span class='ocrx_word' id='word_1_263' title='bbox 229 3903 466 3989; x_wconf 87' lang='grc' dir='ltr'><strong>προρρηθείσης</strong></span> <span class='ocrx_word' id='word_1_264' title='bbox 489 3901 620 3986; x_wconf 87' lang='grc' dir='ltr'><strong>διωρίας</strong></span> <span class='ocrx_word' id='word_1_265' title='bbox 643 3899 874 3988; x_wconf 75' lang='grc' dir='ltr'><strong>ἐμφανέστερον</strong></span> <span class='ocrx_word' id='word_1_266' title='bbox 899 3899 1091 3987; x_wconf 79' lang='grc' dir='ltr'><strong>ίπικυροῦοα</strong></span> <span class='ocrx_word' id='word_1_267' title='bbox 1115 3903 1170 3988; x_wconf 85' lang='grc' dir='ltr'><strong>τήν</strong></span> <span class='ocrx_word' id='word_1_268' title='bbox 1194 3901 1301 3966; x_wconf 89' lang='grc' dir='ltr'><strong>τελευ-</strong></span> 
     </span>
     <span class='ocr_line' id='line_1_30' title="bbox 45 4023 1302 4112; baseline 0.003 -28"><span class='ocrx_word' id='word_1_269' title='bbox 45 4030 125 4090; x_wconf 85' lang='grc' dir='ltr'><strong>ταίαν</strong></span> <span class='ocrx_word' id='word_1_270' title='bbox 148 4027 261 4112; x_wconf 82' lang='grc' dir='ltr'><strong>τρέβαν</strong></span> <span class='ocrx_word' id='word_1_271' title='bbox 289 4027 345 4110; x_wconf 83' lang='grc' dir='ltr'><strong>τήν</strong></span> <span class='ocrx_word' id='word_1_272' title='bbox 368 4023 478 4090; x_wconf 85' lang='grc' dir='ltr'><strong>νεωστὶ</strong></span> <span class='ocrx_word' id='word_1_273' title='bbox 502 4030 559 4112; x_wconf 81' lang='grc' dir='ltr'><strong>μὲν</strong></span> <span class='ocrx_word' id='word_1_274' title='bbox 582 4026 824 4111; x_wconf 87' lang='grc' dir='ltr'><strong>παρελθοῦσαν,</strong></span> <span class='ocrx_word' id='word_1_275' title='bbox 858 4027 917 4110; x_wconf 79' lang='grc' dir='ltr'><strong>πρὸ</strong></span> <span class='ocrx_word' id='word_1_276' title='bbox 942 4033 1055 4111; x_wconf 87' lang='grc' dir='ltr'><strong>μικροῦ</strong></span> <span class='ocrx_word' id='word_1_277' title='bbox 1080 4027 1115 4088; x_wconf 77' lang='grc' dir='ltr'><strong>δέ</strong></span> <span class='ocrx_word' id='word_1_278' title='bbox 1139 4027 1302 4090; x_wconf 86' lang='grc' dir='ltr'><strong>συντεθεί-</strong></span> 
     </span>
     <span class='ocr_line' id='line_1_31' title="bbox 46 4143 1302 4236; baseline 0.003 -26"><span class='ocrx_word' id='word_1_279' title='bbox 46 4169 96 4216; x_wconf 89' lang='grc' dir='ltr'><strong>σαν</strong></span> <span class='ocrx_word' id='word_1_280' title='bbox 128 4153 225 4235; x_wconf 83' lang='grc' dir='ltr'><strong>μέσον</strong></span> <span class='ocrx_word' id='word_1_281' title='bbox 259 4157 315 4214; x_wconf 88' lang='grc' dir='ltr'><strong>τοῦ</strong></span> <span class='ocrx_word' id='word_1_282' title='bbox 347 4151 583 4236; x_wconf 86' lang='grc' dir='ltr'><strong>προρρηθέντος</strong></span> <span class='ocrx_word' id='word_1_283' title='bbox 619 4149 837 4235; x_wconf 80' lang='grc' dir='ltr'><strong>γαληνοτάτου</strong></span> <span class='ocrx_word' id='word_1_284' title='bbox 872 4143 1029 4213; x_wconf 80' lang='grc' dir='ltr'><strong>αὐθέντοο</strong></span> <span class='ocrx_word' id='word_1_285' title='bbox 1060 4152 1115 4213; x_wconf 85' lang='grc' dir='ltr'><strong>καί</strong></span> <span class='ocrx_word' id='word_1_286' title='bbox 1146 4150 1302 4233; x_wconf 82' lang='grc' dir='ltr'><strong>βασιλέως</strong></span> 
     </span>
     <span class='ocr_line' id='line_1_32' title="bbox 45 4266 1303 4360; baseline 0.004 -27"><span class='ocrx_word' id='word_1_287' title='bbox 45 4280 96 4356; x_wconf 88' lang='grc' dir='ltr'><strong>ιῦρ</strong></span> <span class='ocrx_word' id='word_1_288' title='bbox 117 4271 260 4340; x_wconf 80' lang='grc' dir='ltr'><strong>’ίωιίννοο</strong></span> <span class='ocrx_word' id='word_1_289' title='bbox 279 4281 334 4338; x_wconf 90' lang='grc' dir='ltr'><strong>τοῦ</strong></span> <span class='ocrx_word' id='word_1_290' title='bbox 355 4271 583 4352; x_wconf 88' lang='grc' dir='ltr'><strong>Παλαιολὸγου</strong></span> <span class='ocrx_word' id='word_1_291' title='bbox 605 4275 662 4336; x_wconf 86' lang='grc' dir='ltr'><strong>καί</strong></span> <span class='ocrx_word' id='word_1_292' title='bbox 684 4281 739 4336; x_wconf 89' lang='grc' dir='ltr'><strong>τοῦ</strong></span> <span class='ocrx_word' id='word_1_293' title='bbox 763 4266 910 4350; x_wconf 85' lang='grc' dir='ltr'><strong>εὐγενοῦς</strong></span> <span class='ocrx_word' id='word_1_294' title='bbox 933 4275 989 4337; x_wconf 87' lang='grc' dir='ltr'><strong>καί</strong></span> <span class='ocrx_word' id='word_1_295' title='bbox 1012 4276 1165 4360; x_wconf 80' lang='grc' dir='ltr'><strong>φρονίμου</strong></span> <span class='ocrx_word' id='word_1_296' title='bbox 1189 4270 1303 4359; x_wconf 75' lang='grc' dir='ltr'><strong>ἀνδρὸς</strong></span> 
     </span>
     <span class='ocr_line' id='line_1_33' title="bbox 45 4393 1304 4484; baseline 0.002 -26"><span class='ocrx_word' id='word_1_297' title='bbox 45 4406 133 4482; x_wconf 86' lang='grc' dir='ltr'><strong>κυροῦ</strong></span> <span class='ocrx_word' id='word_1_298' title='bbox 155 4395 276 4484; x_wconf 88' lang='grc' dir='ltr'><strong>Πέτρου</strong></span> <span class='ocrx_word' id='word_1_299' title='bbox 299 4401 350 4462; x_wconf 80' lang='grc' dir='ltr'><strong>ντέ</strong></span> <span class='ocrx_word' id='word_1_300' title='bbox 375 4393 511 4482; x_wconf 82' lang='grc' dir='ltr'><strong>Κανσίλη</strong></span> <span class='ocrx_word' id='word_1_301' title='bbox 534 4393 669 4472; x_wconf 66' lang='grc' dir='ltr'><strong>ἐκείνου,</strong></span> <span class='ocrx_word' id='word_1_302' title='bbox 695 4403 749 4460; x_wconf 89' lang='grc' dir='ltr'><strong>τοῦ</strong></span> <span class='ocrx_word' id='word_1_303' title='bbox 765 4403 939 4482; x_wconf 88' lang='grc' dir='ltr'><strong>τηνικαῦτα</strong></span> <span class='ocrx_word' id='word_1_304' title='bbox 962 4393 1088 4482; x_wconf 70' lang='grc' dir='ltr'><strong>ἐντίμου</strong></span> <span class='ocrx_word' id='word_1_305' title='bbox 1113 4393 1304 4482; x_wconf 82' lang='grc' dir='ltr'><strong>ὐιποκρισια-</strong></span> 
     </span>
    </p>
   </div>
   <div class='ocr_carea' id='block_1_5' title="bbox 46 4517 1303 4609">
    <p class='ocr_par' dir='ltr' id='par_1_5' title="bbox 46 4517 1303 4609">
     <span class='ocr_line' id='line_1_34' title="bbox 46 4517 1303 4609; baseline 0.002 -25"><span class='ocrx_word' id='word_1_306' title='bbox 46 4526 110 4604; x_wconf 91' lang='grc' dir='ltr'><strong>ρίου</strong></span> <span class='ocrx_word' id='word_1_307' title='bbox 135 4531 188 4609; x_wconf 86' lang='grc' dir='ltr'><strong>ιής</strong></span> <span class='ocrx_word' id='word_1_308' title='bbox 217 4518 369 4608; x_wconf 83' lang='grc' dir='ltr'><strong>εὐτυχοῦς</strong></span> <span class='ocrx_word' id='word_1_309' title='bbox 398 4523 523 4608; x_wconf 88' lang='grc' dir='ltr'><strong>μνήμης</strong></span> <span class='ocrx_word' id='word_1_310' title='bbox 550 4527 605 4586; x_wconf 90' lang='grc' dir='ltr'><strong>τοῦ</strong></span> <span class='ocrx_word' id='word_1_311' title='bbox 629 4527 688 4604; x_wconf 84' lang='grc' dir='ltr'><strong>κῦρ</strong></span> <span class='ocrx_word' id='word_1_312' title='bbox 712 4519 963 4606; x_wconf 89' lang='grc' dir='ltr'><strong>Βαρθολομαίοο</strong></span> <span class='ocrx_word' id='word_1_313' title='bbox 995 4517 1192 4605; x_wconf 83' lang='grc' dir='ltr'><strong>Γραδονίκου</strong></span> <span class='ocrx_word' id='word_1_314' title='bbox 1217 4520 1303 4586; x_wconf 73' lang='grc' dir='ltr'><strong>ἐκεί-</strong></span> 
     </span>
    </p>
   </div>
   <div class='ocr_carea' id='block_1_6' title="bbox 46 4643 1303 4733">
    <p class='ocr_par' dir='ltr' id='par_1_6' title="bbox 46 4643 1303 4733">
     <span class='ocr_line' id='line_1_35' title="bbox 46 4643 1303 4733; baseline 0.006 -28"><span class='ocrx_word' id='word_1_315' title='bbox 46 4666 107 4722; x_wconf 87' lang='grc' dir='ltr'><strong>νου,</strong></span> <span class='ocrx_word' id='word_1_316' title='bbox 129 4655 180 4711; x_wconf 84' lang='grc' dir='ltr'><strong>τοῦ</strong></span> <span class='ocrx_word' id='word_1_317' title='bbox 202 4643 274 4712; x_wconf 84' lang='grc' dir='ltr'><strong>κατ’</strong></span> <span class='ocrx_word' id='word_1_318' title='bbox 299 4643 494 4713; x_wconf 69' lang='grc' dir='ltr'><strong>ἐκεῖνοντὸν</strong></span> <span class='ocrx_word' id='word_1_319' title='bbox 518 4647 629 4732; x_wconf 82' lang='grc' dir='ltr'><strong>καιρὸν</strong></span> <span class='ocrx_word' id='word_1_320' title='bbox 657 4644 827 4733; x_wconf 83' lang='grc' dir='ltr'><strong>έπιρανοῦς</strong></span> <span class='ocrx_word' id='word_1_321' title='bbox 846 4644 962 4719; x_wconf 82' lang='grc' dir='ltr'><strong>δουκὰς</strong></span> <span class='ocrx_word' id='word_1_322' title='bbox 985 4643 1144 4724; x_wconf 87' lang='grc' dir='ltr'><strong>Βενετίας,</strong></span> <span class='ocrx_word' id='word_1_323' title='bbox 1168 4651 1224 4712; x_wconf 90' lang='grc' dir='ltr'><strong>καί</strong></span> <span class='ocrx_word' id='word_1_324' title='bbox 1248 4654 1303 4714; x_wconf 84' lang='grc' dir='ltr'><strong>τοῦ</strong></span> 
     </span>
    </p>
   </div>
   <div class='ocr_carea' id='block_1_7' title="bbox 47 4765 1303 4934">
    <p class='ocr_par' dir='ltr' id='par_1_7' title="bbox 47 4765 1303 4934">
     <span class='ocr_line' id='line_1_36' title="bbox 47 4765 1303 4858; baseline 0.004 -28"><span class='ocrx_word' id='word_1_325' title='bbox 47 4776 207 4854; x_wconf 87' lang='grc' dir='ltr'><strong>κομουνίυυ</strong></span> <span class='ocrx_word' id='word_1_326' title='bbox 235 4767 333 4836; x_wconf 87' lang='grc' dir='ltr'><strong>αὐτοῦ</strong></span> <span class='ocrx_word' id='word_1_327' title='bbox 361 4773 447 4836; x_wconf 84' lang='grc' dir='ltr'><strong>κατὰ</strong></span> <span class='ocrx_word' id='word_1_328' title='bbox 472 4771 508 4834; x_wconf 83' lang='grc' dir='ltr'><strong>τὸ</strong></span> <span class='ocrx_word' id='word_1_329' title='bbox 544 4765 606 4836; x_wconf 79' lang='grc' dir='ltr'><strong>ἀπὸ</strong></span> <span class='ocrx_word' id='word_1_330' title='bbox 636 4777 691 4856; x_wconf 86' lang='grc' dir='ltr'><strong>της</strong></span> <span class='ocrx_word' id='word_1_331' title='bbox 720 4776 775 4834; x_wconf 87' lang='grc' dir='ltr'><strong>τοῦ</strong></span> <span class='ocrx_word' id='word_1_332' title='bbox 802 4772 911 4854; x_wconf 83' lang='grc' dir='ltr'><strong>κυρίου</strong></span> <span class='ocrx_word' id='word_1_333' title='bbox 939 4771 1117 4858; x_wconf 85' lang='grc' dir='ltr'><strong>γεννήσεως</strong></span> <span class='ocrx_word' id='word_1_334' title='bbox 1140 4771 1303 4858; x_wconf 79' lang='grc' dir='ltr'><strong>χιλιοστὸν</strong></span> 
     </span>
     <span class='ocr_line' id='line_1_37' title="bbox 1061 4875 1107 4934; baseline 0 -22"><span class='ocrx_word' id='word_1_335' title='bbox 1061 4880 1078 4934; x_wconf 72' lang='grc'>8</span> <span class='ocrx_word' id='word_1_336' title='bbox 1090 4875 1107 4912; x_wconf 72' lang='lat' dir='ltr'>t</span> 
     </span>
    </p>
   </div>
   <div class='ocr_carea' id='block_1_8' title="bbox 0 0 1578 5268">
    <p class='ocr_par' dir='ltr' id='par_1_8' title="bbox 0 0 1578 5268">
     <span class='ocr_line' id='line_1_38' title="bbox 0 0 1578 5268; baseline 0 0"><span class='ocrx_word' id='word_1_337' title='bbox 0 0 1578 5268; x_wconf 95' lang='lat' dir='ltr'><strong> </strong></span> 
     </span>
    </p>
   </div>
  </div>
 </body>
</html>
