3114 5264
1288 309 1354 385 2⁷?

77 507 204 590 θρωπσί
240 527 309 582 τοο,
334 509 510 592 χριστιανσὶ
533 507 715 594 λεγόμενοι,
751 509 953 596 χριστιανούς
984 505 1068 596 ήμᾱς
1098 507 1349 597 έκακοποίησαν,

76 632 133 694 καί
161 625 383 716 έλεηλοίτησαν
412 631 589 717 λεηλασίαν
618 629 759 718 ἐσχάτην
784 643 822 718 τή
846 631 978 719 εἰκοστή
1003 631 1127 718 ἑβδόμη
1152 643 1206 700 τού
1231 631 1350 714 αὐγού-

76 775 153 818 σεοο
182 755 297 840 μηνὸς,
320 759 376 818 καί
405 755 533 829 τελείως
561 750 647 842 ἡμᾶς
675 751 851 843 ὑστέρησαν
876 766 936 822 τιῖιν
967 751 1173 844 ὑπαρχόντων
1201 758 1349 838 πολλοὺς,

76 877 140 944 ιἰπδ
163 878 261 960 λόγου
277 901 350 966 μας,
375 884 573 960 πιστεύσατε,
599 875 754 948 αὑδένται
770 877 973 970 ὑψηλόταται,
999 879 1195 968 ἐγύμνωσαν,
1212 885 1349 960 τελείως,

73 1005 117 1078 ύς
143 1006 215 1079 τούς
240 1007 408 1092 έγέννησεν
431 1003 452 1094 ή
477 1010 581 1093 μήτηρ
605 1003 721 1086 αὑτων,
757 1011 813 1074 καὶ
840 1006 1091 1094 έιτεριττατσύσαν
1119 1013 1244 1094 γυμνοί,
1280 1017 1348 1100 ρεὺ,

73 1129 129 1215 τήν
153 1125 276 1218 ἡμέραν
300 1128 441 1218 έκείνην,
465 1133 578 1217 θέαμα
603 1131 740 1198 έλεεινόν
773 1142 836 1206 τοῖς
860 1129 967 1216 δρῶσι·
991 1134 1047 1196 καί
1070 1135 1099 1196 τί
1121 1129 1268 1218 λέγομεν,
1292 1135 1348 1219 τήν

72 1249 198 1340 ἡμέραν
222 1251 349 1343 έκιίνην
372 1257 483 1342 μόνον;
507 1251 586 1321 όποδ
609 1257 666 1318 καί
689 1252 750 1328 έως
772 1265 829 1342 ,τής
853 1257 993 1343 σήμερον
1023 1259 1135 1343 γιμνοί
1158 1257 1347 1338 σονδιοίγοο-

73 1400 135 1456 σιν,
159 1375 230 1444 οὑτε
255 1381 467 1466 σκεπάσματα
498 1379 626 1466 έχοντες
652 1381 730 1465 αρύς
754 1375 961 1466 αὐτάρκειαν,
991 1377 1063 1446 ούτε
1092 1379 1263 1466 ένδύματα.
1292 1383 1348 1468 τήν
1403 1363 1406 1372 ’

71 1502 195 1594 ἡμέραν
224 1504 358 1594 έκείνην,
394 1503 549 1572 αὑύένται
583 1502 786 1594 έεωχότατοι,
822 1507 952 1592 θάμβος
980 1503 1029 1594 ήν,
1057 1510 1096 1572 νόι
1129 1505 1183 1594 ίδή
1218 1530 1264 1580 τις
1295 1509 1347 1572 τόν

70 1627 164 1717 ήλιον
188 1624 299 1710 αὑτὸν,
327 1627 407 1698 δασύ
436 1629 614 1718 έσκοτίσύη
644 1633 854 1718 σομπύσχων,
884 1632 1092 1716 λογιάῑομεν,
1115 1633 1172 1698 καί
1188 1625 1284 1706 αὑτός
1308 1641 1347 1719 τῇ

70 1761 211 1843 μεγίστη
238 1757 396 1843 δοστοχίιρ
422 1767 461 1844 τή
490 1759 663 1844 γιγνομένη
686 1752 769 1844 ήμῐν.
798 1755 852 1822 δέν
876 1751 1058 1844 ήξιύρομεν,
1082 1760 1111 1820 τί
1134 1759 1174 1822 να
1197 1754 1345 1842 είπούμιν

68 1882 126 1946 διὰ
165 1881 219 1948 τόν
255 1879 424 1968 ύνύρωπον
459 1875 568 1959 αὑτὸν,
604 1877 651 1956 εἰς
684 1883 754 1946 τίνα
788 1881 950 1966 δρησκίαν
985 1875 1175 1966 εὑρίσκεται·
1199 1884 1238 1966 μέ
1273 1881 1346 1956 τούς

68 2005 235 2090 Τούρκοσς
260 1999 369 2084 ὄντας,
394 2015 590 2092 χριστιανοῖς
611 2001 769 2090 έτολέμει,
794 2005 851 2068 καί
874 2007 959 2090 τιόρα
983 2008 1022 2090 μέ
1046 2003 1120 2078 τούς
1144 2004 1346 2091 χοιστιανούς

68 2129 260 2212 σονδιιίγαν,
288 2139 481 2216 χριστιανοῑς
503 2129 645 2216 πολεμεῖ,
669 2129 852 2215 χριστιανύς
875 2128 1017 2208 λέγεται,
1045 2125 1130 2194 ἀλλὰ
1158 2130 1197 2194 τὰ
1227 2125 1344 2194 ἀποτε-

67 2259 218 2344 λέσματα
246 2251 344 2322 αὑτοῦ
368 2257 421 2322 δέν
444 2253 634 2342 όμσιύζοοσι
657 2255 873 2342 χριατιανικὰ,
903 2253 984 2318 διότι
1011 2255 1080 2320 τινὰ
1110 2261 1168 2318 τῶν
1196 2250 1345 2340 Τσύρκων

66 2383 124 2446 δὲν
148 2378 282 2468 έβλιιήι,
307 2382 388 2468 μήτε
413 2376 475 2446 ἀπό
499 2382 539 2446 τὰ
563 2374 748 2466 ὑπάρχοντα
773 2373 878 2444 αὑτων
904 2376 1020 2462 ἔλαβεν
1044 2371 1118 2444 οόδέ
1142 2373 1257 2461 όβιλόν
1283 2376 1343 2455 ἔξω

67 2502 133 2570 αιτό
157 2504 241 2570 δέκα
264 2501 412 2592 όσπήτια,
437 2499 517 2570 όποὺ
541 2503 693 2582 ἔκαυσεν,
718 2499 802 2570 ἀλλὰ
824 2505 905 2590 μήτε
928 2513 987 2568 ιιῑιν
1010 2499 1164 2590 Ἑβραίων
1190 2501 1288 2587 έλαβί
1306 2525 1344 2582 τι,

66 2633 166 2718 μόνον
193 2629 230 2696 δέ
259 2631 332 2704 τούς
360 2628 563 2716 χριστιανούς
591 2624 749 2716 έίημίιιισε
777 2630 834 2694 καί
862 2623 1016 2714 ὑστέρησε
1040 2637 1100 2692 των
1129 2623 1343 2714 ὑπαρχόντων,

65 2753 150 2822 ὥστε
178 2751 238 2821 καί
261 2758 335 2840 μίαν
360 2751 536 2840 έκκλησίαν
559 2759 616 2820 τοό
638 2751 800 2833 δεολόγοο
823 2749 968 2818 Ἰιιύννοο
992 2743 1139 2820 έκαιισίν.
1163 2752 1216 2818 δέν
1240 2749 1344 2840 ήμτο-

65 2889 184 2968 ροῦμεν
213 2884 252 2948 νύι
281 2882 452 2966 γρόήιιιμεν
475 2881 561 2946 κατὰ
588 2878 709 2953 λιτιιῖις
730 2873 792 2943 ὅλα
819 2881 859 2944 τὰ
887 2880 990 2956 κακὰ,
1016 2874 1095 2944 ότοό
1119 2901 1182 2964 μσς
1206 2879 1342 2966 έκαμαν,

65 3014 161 3072 τούτο
190 3007 287 3092 μόνον
323 3007 500 3092 γράφομεν,
536 2999 586 3070 ὅτι
608 3000 652 3078 ὑις
688 3001 804 3090 ἐχθροί
827 3001 884 3068 καὶ
915 2999 1077 3090 ἀλλότριοι
1101 3013 1157 3091 τής
1180 3007 1344 3094 δρησκίας

63 3131 156 3221 ήμῶν
192 3127 378 3220 έρέρθηκαν
412 3131 489 3218 πρὸς
523 3124 619 3216 ἡμας·
646 3127 722 3204 ἴσως
750 3132 807 3194 καί
830 3127 860 3194 σί
889 3128 1228 3217 γραμματοκομισταὶ,
1263 3129 1342 3198 όποὺ

65 3259 221 3345 ἔρχονται
242 3258 321 3342 πρὸς
341 3255 397 3342 τήν
425 3249 511 3342 ὑμῶν
535 3252 734 3342 έίιιχύτητιι,
763 3254 817 3320 διὰ
842 3259 946 3342 ζώσης
969 3265 1074 3345 ρωνής
1096 3257 1191 3324 δέλιι
1214 3259 1254 3324 τὰ
1277 3279 1341 3346 ρα-

64 3387 197 3470 νεριόσει
221 3381 427 3464 πλατύτερον.
453 3378 501 3445 έτι
524 3379 560 3444 δέ
584 3383 641 3445 καί
663 3379 918 3467 προσιπαπειλει,
946 3380 1000 3446 διὰ
1024 3382 1065 3446 νύ
1088 3378 1174 3467 έλύη
1198 3384 1255 3448 καί
1276 3386 1340 3447 τό·

63 3509 113 3574 λιν
143 3509 185 3572 νᾰ
213 3515 276 3594 μσς
305 3501 447 3594 ἀρσνίση
483 3503 610 3578 τελείως
643 3505 700 3570 καί
726 3507 767 3572 νὰ
800 3513 862 3590 μσς
886 3501 1038 3591 έξαλείψη
1074 3501 1136 3583 τίπό
1170 3509 1339 3592 προσύττοο

62 3641 120 3720 της
145 3638 215 3717 γής.
240 3630 294 3696 διό
317 3637 411 3696 τοῦτο
433 3637 673 3718 προσκυνοῦμεν
696 3624 791 3716 ἡμας,
817 3627 1062 3715 έκλιπαρούμεν,
1090 3631 1340 3718 παρακαλοῦμεν

62 3761 121 3823 καί
149 3756 298 3841 δεύμεθα
329 3751 435 3841 ήμῶν,
469 3749 626 3821 αόδένται
654 3751 860 3842 έξοχιέτατοι,
892 3751 946 3819 ἵνα
976 3756 1231 3842 σομτασχήσητε
1265 3750 1338 3843 ἡμῖν

61 3885 121 3948 καὶ
150 3877 306 3968 έλεήσητε
341 3876 384 3952 ὑις
412 3875 585 3966 ἐλεήμονες
618 3881 675 3944 ιιαί
701 3881 849 3966 ποιήσετε
878 3877 970 3954 έλεος
995 3873 1070 3965 μεθ’
1094 3875 1185 3967 ήμῶν
1206 3880 1261 3944 διὰ
1284 3881 1338 3946 τόν

63 4006 140 4079 τούς
169 4001 347 4092 έλεήμονας
375 4007 597 4090 μακαρίζοντα
624 3999 756 4090 Κύριον,
792 4006 848 4068 καὶ
877 4003 1032 4091 ποιήσητε
1059 4003 1265 4091 δικαιοσύνην
1293 4002 1338 4079 τίς

62 4129 152 4219 ἡμᾶς
190 4125 234 4202 ὑς
272 4133 520 4216 χριστομίμητοι
561 4130 620 4194 καί
652 4128 851 4194 δικαιότατοι
887 4131 1008 4215 ιιριιαί,
1046 4125 1100 4194 ἵνα
1132 4122 1243 4217 εὑρητι
1283 4131 1336 4195 τόν

61 4257 193 4322 δίκαιον
209 4253 319 4340 κριτήν
333 4251 480 4340 Χριστόν,
504 4253 557 4319 τόν
573 4253 653 4318 δεύν
667 4247 767 4339 ἡμῶν,
782 4247 871 4318 ἵλεον
895 4249 928 4320 έν
951 4263 992 4340 τῇ
1007 4263 1122 4342 ρρικτή
1145 4256 1202 4318 καί
1217 4251 1340 4342 φοβερᾷ

62 4379 174 4470 ἡμέρη
196 4387 253 4466 τῆς
275 4375 528 4460 ίινταποδόσεικς,
552 4377 633 4444 διότι
656 4376 771 4442 θέλετε
796 4375 926 4466 έλεήσει
948 4381 1006 4446 καί
1028 4377 1189 4444 δικαιόσει
1211 4373 1338 4465 ἀνθρύ-

62 4527 144 4580 ττοος
160 4499 332 4591 ὁμογενεῖς,
349 4499 530 4592 ὁμοφύλους
551 4505 608 4570 καί
632 4498 823 4590 ύμοιτίστοος
846 4503 1057 4589 χρισαιανούς,
1082 4503 1137 4570 διόι
1160 4501 1235 4578 τούς
1250 4498 1340 4570 δτοί-

63 4653 120 4706 οσς
146 4629 263 4717 έχεαεν
286 4626 303 4696 δ
326 4629 484 4716 δεσπότης
507 4627 643 4716 Χριστός
667 4628 702 4694 τύ
727 4623 817 4706 ἅγιον
846 4622 943 4694 αὑτοῦ
968 4625 1048 4713 αίμα
1075 4624 1125 4694 έπί
1152 4636 1207 4694 τοὺ
1236 4649 1335 4696 σταο·

62 4763 121 4844 ρού
144 4757 203 4822 καί
225 4753 297 4831 τούς
320 4751 495 4843 έξηγόρασε
516 4750 578 4820 ἀπό
601 4755 659 4827 τὰς
674 4763 783 4840 χεῖρας
807 4757 862 4818 τού
885 4750 1048 4836 διαβόλου.
1073 4753 1206 4832 νιύαιιτε
1221 4757 1334 4833 τοίνσν,
