3148 5268
225 313 289 378 104

220 509 334 592 παιρός
358 506 402 580 τίς
429 508 485 592 τήν
514 509 657 592 [τρεβαν,
690 505 754 590 ἵνα]
785 511 840 570 ιιαί
869 506 900 570 οἱ
923 503 1010 576 ὄντες
1034 503 1071 570 επ
1095 513 1150 570 τοῦ
1174 507 1288 589 μόρους
1311 509 1366 586 τῆς
1391 503 1486 583 βασι-

221 631 310 702 λείας
338 651 398 714 μου
428 630 472 703 είς
502 634 541 696 τὰ
569 635 650 717 μόρη
680 634 747 712 [τοῦ
777 630 946 717 ἐπιφανοῦς
973 630 1103 712 δουιιός]
1133 631 1189 692 καί
1219 635 1274 690 τοῦ
1297 629 1489 710 τισυμουνίου
1536 603 1538 684 ζ

221 753 371 826 Βενετίας
387 757 443 817 ιιαί
465 753 496 818 οἱ
518 750 605 827 ὄντες
629 753 666 818 ὲιι
690 763 745 818 τοῦ
769 758 882 838 μόρους
905 764 965 818 τῦν
990 723 1151 835 [τοιοῦτον
1167 749 1356 832 Βενττίιι]ειν
1380 747 1425 820 είς
1450 750 1490 810 τὰ
1539 824 1540 828 γ

223 881 304 963 μίρη
328 886 382 963 της
407 878 572 960 βασιλείας
600 900 660 962 μου
688 879 867 963 δυνηθῶσιν
889 874 1080 962 ότοστρίψαι
1109 873 1259 964 [ἕκαστος
1279 872 1324 944 εἰς
1348 876 1387 936 τὰ
1407 869 1491 946 ὶδια,

222 1005 278 1066 καί
306 1003 466 1085 μεί]νοισιν
495 997 646 1084 ἀβλαβεῖς
675 1005 731 1066 καί
758 998 890 1086 ἀζήμιοι
916 1000 971 1064 διὰ
999 1008 1055 1084 τῆς
1085 1000 1234 1083 τοιαύτης
1258 997 1387 1082 δωρίας
1413 997 1491 1076 [τῶν

224 1123 257 1199 δε
281 1133 396 1208 μηνῶν.
421 1126 534 1205 ταῦτα]
558 1128 676 1201 πάντα,
708 1120 771 1188 ὅσα
797 1121 829 1190 ἐν
853 1123 896 1209 τη]
918 1126 1045 1208 παρόντι
1069 1119 1279 1208 όριιιομοτιιιῲ
1302 1121 1490 1204 διαλαμβά-

224 1267 340 1326 νονται,
365 1249 500 1332 στόρ[ξει
522 1252 578 1312 ιταί
600 1249 729 1334 φυλάξει
752 1245 772 1334 ἡ
797 1249 959 1332 βασι]λεία
983 1267 1058 1332 μου,
1077 1247 1192 1318 καθιδς
1216 1249 1272 1308 ιιαί
1296 1242 1312 1308 ὁ
1336 1241 1494 1330 ἐπιφανής
1545 1288 1546 1324 γ

224 1371 298 1446 δούξ
331 1369 482 1443 Βενετίας
518 1372 627 1456 μὲλλτι
661 1367 758 1445 αὖθις
793 1374 859 1454 [τὸν
895 1370 964 1434 ίσον
999 1371 1126 1454 τρόπον]
1161 1377 1294 1454 ποιήσαι
1332 1376 1495 1454 γραφῆναι

224 1491 335 1579 ὅμοιον
358 1491 576 1579 ὁριιοιμοτιιιόν
597 1497 708 1583 τοῦτου
731 1500 787 1562 καί
803 1494 1043 1580 ἐπομό[σασδαι
1060 1488 1137 1558 αὐτὸ
1154 1490 1203 1560 ἐπὶ
1220 1495 1272 1578 τη]
1289 1496 1376 1578 ψυχή
1393 1487 1495 1556 αὑτοῦ
1548 1518 1549 1552 ι

224 1622 280 1684 παί
309 1629 376 1690 ταῖς
405 1622 520 1704 ψυχαῖς
547 1621 664 1692 παντός
695 1628 749 1684 τοῦ
777 1623 894 1704 μόρους
921 1621 977 1684 ταὶ
1005 1627 1060 1682 τοῦ
1091 1607 1280 1702 νουμουνίου
1313 1614 1495 1697 [Βενε]τίας

224 1746 310 1808 πατὰ
337 1743 393 1827 τήν
423 1743 533 1806 τοῦτου
561 1743 734 1830 συνήθειαν
762 1741 892 1808 ἐνιόπιον
921 1752 980 1806 τιῦν
1011 1741 1188 1826 μελλόντων
1219 1738 1317 1828 ἢτοῦ
1345 1738 1494 1804 ἀποστα-
1551 1750 1553 1832 ἦ

226 1866 320 1951 λήναι
348 1866 519 1950 μέλλοντος
547 1869 635 1950 παρὰ
662 1876 717 1954 της
746 1866 910 1949 βασιλείας
939 1887 999 1950 μου
1023 1863 1074 1930 ἐπί
1095 1866 1195 1948 τοότιρ
1217 1868 1275 1930 ταί
1305 1862 1496 1928 ἀποστεῖλαι
1553 1904 1554 1914 ι

226 1983 303 2054 αότά
327 1986 393 2075 μετ’
418 1984 515 2054 αὐτοῦ
539 1989 583 2062 είς
606 1991 661 2076 τήν
687 1991 851 2073 βασιλείαν
875 2011 950 2074 μου,
982 1991 1095 2062 τιαδώς
1119 1988 1209 2064 ἔταξε
1233 1993 1290 2054 ιιαί
1312 1985 1496 2074 δπεσχέθη,

225 2119 282 2180 ιιαί
305 2117 430 2200 στέρξαι
453 2118 509 2180 ιιαί
535 2126 677 2200 ιιυριῦσαι
707 2119 809 2180 πάντα
832 2119 889 2180 καὶ
910 2112 1034 2180 ἕκαστα
1058 2118 1098 2178 τά
1120 2110 1273 2201 ῥηθέντα.
1297 2115 1414 2178 τοότιτν
1440 2108 1497 2176 οὖν

225 2242 349 2306 πάντων
376 2237 483 2304 όνειιεν
512 2241 547 2304 τό
574 2239 674 2323 παρὸν
703 2235 920 2324 δρειομοτιιιόν
949 2239 1088 2314 εξετίδει
1117 2242 1172 2304 ιιαί
1203 2235 1344 2318 ἐγεγόνει
1371 2240 1497 2322 χρυσό-

226 2365 359 2448 βουλλον
384 2373 439 2449 τῆς
467 2361 632 2446 βασιλείας
666 2385 742 2450 μου,
773 2368 829 2428 οιαὶ
856 2360 1045 2448 ἐπωμόσατο
1079 2371 1172 2432 τοῦτο
1206 2360 1227 2450 ή
1259 2363 1408 2446 βασιλεία
1433 2382 1499 2447 μου

226 2491 387 2572 παρόντων
404 2485 535 2552 ἐνώτιον
553 2483 650 2574 αότής
667 2497 722 2552 τοῦ
739 2510 772 2552 τε
787 2489 1003 2574 περιποθήτου
1020 2485 1149 2573 ἀνεψιοῦ
1165 2483 1281 2574 αῦτης,’
1297 2493 1395 2572 τοροῦ
1418 2485 1498 2552 Ἀν-

227 2611 373 2694 δρονίιιου
397 2609 621 2690 Παλαιολόγου
644 2621 699 2676 τοῦ
723 2609 861 2697 Ἀσάνη,
888 2613 944 2676 ιιαί
966 2621 1021 2676 τοῦ
1043 2613 1259 2697 περιποθήτου
1284 2608 1414 2696 ἀνεψιοῦ
1438 2617 1499 2702 τῆς

229 2733 394 2816 βασιλείας
423 2755 498 2819 μου,
533 2742 630 2818 πυροῦ
660 2733 900 2800 Κυνσταντίνου
928 2731 1153 2813 Παλαιολόγου
1180 2742 1235 2798 τοῦ
1264 2732 1401 2819 Ἀσάνη,
1438 2737 1499 2798 καί

229 2865 284 2922 τοῦ
310 2859 527 2944 περιποθήτου
555 2859 774 2944 σομπενδεροῦ
803 2866 858 2943 τῆς
888 2857 1053 2940 βασιλείας
1082 2879 1156 2942 μου,
1185 2867 1241 2922 τοῦ
1269 2859 1412 2942 μεγάλου
1435 2857 1497 2922 λο-

228 2981 366 3059 γοδίτου
382 2989 479 3064 πυροῦ
493 2980 659 3066 Θεοδώρου
676 2989 730 3046 τοῦ
743 2979 932 3066 Μετοχίτου,
945 2985 1002 3046 ταί
1017 2990 1072 3044 τοῦ
1089 2983 1309 3066 συμπενδὲροο
1325 2991 1380 3067 της
1397 2982 1497 3063 βασι-

227 3104 316 3176 λείας
344 3125 418 3187 μου,
443 3111 498 3168 τοῦ
524 3105 829 3188 πριοτοβεστιαρίτου
857 3114 955 3188 τιυροῦ
985 3103 1188 3190 Ἀνδρονίκου
1216 3113 1270 3170 τοῦ
1301 3103 1497 3169 Κανταιιου-

229 3231 338 3312 ίηνοῦ,
362 3229 418 3290 ιιαί
444 3233 499 3290 τοῦ
528 3223 658 3311 ἀνεψιοῦ
686 3236 740 3312 τῆς
770 3227 935 3309 βασιλείας
964 3249 1039 3312 μου,
1059 3227 1216 3312 Ιμεγιίλυυ
1250 3233 1368 3292 παπίου
1395 3237 1498 3312 πυροῦ

227 3349 468 3416 Κυνσταντίνου
492 3357 546 3414 τοῦ
569 3347 810 3428 Παλαιολόγου,
841 3355 898 3414 ιιαί
921 3357 975 3416 τοῦ
1001 3347 1129 3436 ἀνεψιοῦ
1153 3360 1209 3438 τής
1234 3353 1399 3434 βασιλείας
1423 3373 1499 3436 μου,

227 3476 369 3560 μεγάλου
398 3475 609 3562 δρουγγαρίου
636 3483 693 3560 τῆς
725 3475 837 3562 βίγλης
860 3486 958 3560 πυροῦ
981 3473 1165 3562 Δημητρίου
1187 3475 1415 3556 Παλαιολόγυυ
1438 3489 1499 3544 τοῦ

225 3596 377 3684 Τορνίιιη,
412 3601 467 3661 καί
495 3598 599 3682 ίδόθη
622 3605 714 3662 τοῦτο
743 3597 786 3683 τιβ
813 3593 935 3677 εὐγενεῖ
968 3597 1072 3684 ἀνδρί,
1108 3601 1273 3685 μπαῦοόλιρ
1301 3612 1361 3666 τῦν
1391 3599 1426 3664 ἐν
1457 3615 1499 3688 τη

227 3717 367 3807 ἡμετέρα
390 3721 539 3804 βασιλεία
554 3719 739 3790 Βενετίιιιυν,
765 3723 853 3808 πυρῷ
872 3721 970 3808 Θυμα
995 3725 1036 3808 τῷ
1059 3723 1274 3810 Σσυβριίντζηι,
1299 3727 1353 3790 διά
1377 3737 1499 3810 χειρῶν

229 3855 285 3931 τῆς
310 3845 475 3928 βασιλείας
499 3866 560 3930 μου
583 3848 668 3910 ιιατά
691 3846 746 3930 τήν
770 3842 820 3910 ἐπί
842 3847 942 3930 τούτῳ
966 3849 1095 3932 ζήτησιν
1116 3855 1171 3912 τοῦ
1192 3845 1363 3938 ἐπιφανοῦς
1378 3849 1499 3923 δουιτάς

229 3967 393 4046 Βενετὶας,
428 3971 546 4056 γραφὲν
576 3963 748 4054 ῥωμαίποῖς
776 3973 941 4054 γράμμασι
969 3971 1023 4032 διὰ
1051 3973 1157 4056 χειρὸς
1185 3979 1239 4036 τοῦ
1270 3976 1417 4056 νοταρίου
1440 3983 1500 4059 της

232 4093 397 4177 βασιλείας
432 4113 507 4176 μου,
541 4089 675 4177 Μιχαήλ
703 4101 758 4156 τοῦ
786 4090 1060 4178 Κλεοστομσίλλου,
1096 4093 1266 4166 λατινιιιοῖς
1293 4095 1329 4160 δὲ
1354 4105 1408 4160 τοῦ
1433 4095 1499 4162 ἀπὸ

231 4225 290 4280 τιῦν
310 4217 536 4302 διερμηνευτῦιν
554 4225 609 4302 τῆς
626 4215 793 4298 βασιλείας
814 4235 883 4300 μου,
907 4213 931 4279 Γ
934 4220 1067 4299 εωργίου
1092 4224 1146 4279 τοῦ
1166 4205 1497 4304 Καβαλλαροποόλσο,

231 4344 316 4404 πατὰ
340 4351 424 4427 μῆνα
446 4339 621 4426 ότιτυίβριον
645 4350 699 4426 τής
723 4338 928 4430 ἐνισταμένης
958 4337 1076 4425 ὀγδόης
1105 4339 1300 4415 ίνδιιιτιιῦνος
1318 4353 1377 4408 »τοῦ
1401 4342 1500 4420 ἑξα-

232 4465 574 4551 τιισχιλιοστοῦ
609 4462 994 4530 όιιταιιοσιοστοῦ
1021 4476 1310 4550 τριαιιοστοῦ
1338 4475 1500 4554 τρίτου

235 4590 323 4664 ἔτους
357 4593 442 4654 τιατά
477 4591 531 4676 τήν
558 4587 712 4678 ἡμετέραν
741 4587 974 4675 ἀπαρίθμησιν,
1005 4593 1091 4653 πατὰ
1118 4587 1154 4654 δὲ
1182 4591 1237 4676 τήν
1265 4602 1325 4658 τιῦν
1352 4590 1501 4662 Λατίνιον

236 4717 407 4802 συνήθειαν
432 4712 494 4778 ἀπὸ
517 4723 572 4800 της
596 4725 651 4780 τοῦ
673 4717 784 4800 ιιυρίου
806 4711 895 4801 ἡμῶν
918 4711 1021 4801 Ἰησοῦ
1044 4713 1181 4800 Χριστοῦ
1211 4721 1402 4802 σαριτοίσειες
1432 4743 1500 4807 χι·
