3182 5264
1322 323 1362 390 15

98 521 196 596 θειαν,
220 523 277 584 καί
300 523 344 593 ι’νς
376 515 480 606 ύμνύω
512 525 611 586 ταῦτα
642 523 739 608 χωρίς
770 521 867 586 δόλου
896 523 954 584 καί
982 521 1157 604 περινοίας,
1181 511 1279 592 οὕτως
1309 515 1362 582 ἵνα

95 666 147 728 μοι
168 644 278 728 βοηθῇ
303 639 321 708 δ
344 645 440 721 θεὸς,
472 647 511 708 τὰ
536 641 614 724 ἅγια
636 651 736 710 ταῦτα
759 653 814 710 τού
838 646 919 708 θεοῦ
943 639 1116 722 εύαγγίλια
1139 645 1194 706 καί
1217 637 1235 704 δ
1258 647 1361 726 τίμιος

92 771 145 830 καί
168 769 324 842 ζωοκυιύς
348 771 492 850 αταυρός.
515 766 532 832 ό
552 768 588 831 δὲ
611 769 719 854 κριτὴς
742 767 973 854 Βυοργούντιος
996 769 1052 832 καί
1070 762 1087 829 ύ
1103 767 1207 852 κόμης
1229 763 1361 850 Μάρκος

91 885 170 954 σύτο
205 893 262 954 καί
295 887 388 956 αύτυί
422 889 638 978 ἐπωμόσαντο·
662 888 753 978 ἡμεῖς
777 889 795 956 ό
819 913 852 956 τε
875 893 985 976 κριτης
1009 889 1235 975 Βοοργούντιος
1264 885 1361 954 καίό

90 1019 192 1102 κόμης
214 1014 350 1100 Μάρκος
374 1015 607 1090 ἀποσταλέντες
630 1014 868 1102 ἀπυκρισιάριυι
890 1019 976 1102 παρὰ
1004 1024 1060 1101 τῆς
1083 1013 1208 1102 Πίσσης
1236 1013 1281 1087 είς
1308 1015 1361 1080 τδν

90 1142 239 1224 κραταιόν
265 1141 401 1224 βασιλέα
425 1152 485 1206 τῶν
512 1137 677 1227 Ῥωμαίων
704 1143 757 1206 τόν
780 1143 1072 1230 πορρυρογέννητον
1095 1148 1185 1225 κύριν
1207 1138 1361 1226 Μανουηλ

90 1267 140 1328 τόν
164 1263 333 1352 Κομνηνδν
365 1262 522 1352 ύμνύομιν
546 1264 592 1338 τίς
616 1269 655 1330 τὰ
679 1261 757 1344 ἅγια
780 1275 836 1330 τού
859 1267 939 1330 θεοῦ
964 1259 1137 1344 εὐαγγέλια
1159 1267 1215 1328 καί
1239 1262 1284 1337 είς
1307 1265 1359 1330 τόν

89 1392 188 1472 τίμιον
211 1393 269 1452 καί
293 1391 448 1462 ζωοποιύν
472 1390 617 1474 σταυρόν,
641 1385 689 1454 ύτι
712 1389 768 1475 τὴν
791 1392 974 1476 συμφωνίαν
998 1388 1053 1474 τήν
1077 1391 1248 1474 γενομένην
1282 1389 1359 1474 πρός

89 1514 140 1574 τόν
164 1509 310 1598 ἀοίδιμον
335 1513 471 1595 βασιλέα
494 1521 585 1598 κύριν
608 1511 749 1588 Ἀλέξιον
772 1513 826 1576 τόν
850 1511 1017 1598 Κομνηνόν
1040 1515 1097 1576 καί
1119 1513 1172 1576 τόν
1201 1508 1359 1600 αὐθέντην

86 1631 172 1720 ἡμῶν
197 1639 250 1700 τόν
271 1637 410 1720 βασιλέα
435 1641 492 1702 καί
514 1641 804 1725 πυρρυρογέννητον
827 1643 915 1722 κύριν
939 1633 1093 1722 Μανυοηλ
1115 1637 1169 1700 τόν
1192 1633 1359 1722 Κομνηνύν

87 1765 170 1844 παρὰ
195 1769 250 1826 τοῦ
273 1764 415 1846 κάστρου
438 1771 494 1848 τῆς
518 1760 656 1848 Πίσσης,
687 1760 724 1848 ἣν
748 1759 765 1826 ύ
788 1761 964 1836 κόνσουλος
986 1769 1042 1848 τῆς
1074 1759 1198 1848 Πίσσης
1222 1759 1355 1846 Ἀλπέρ-

89 1907 139 1958 τος
162 1883 288 1972 ὤμοσεν
311 1885 357 1960 είς
380 1887 473 1972 τιμην
496 1894 551 1950 τοῦ
572 1887 741 1970 βασιλέως,
764 1883 817 1950 ἵνα
840 1885 1027 1972 φυλάξωμεν
1050 1889 1107 1950 καί
1129 1882 1221 1972 ἡμεῖς
1243 1895 1359 1958 πιστιύς

87 2013 140 2072 καί
163 2011 347 2096 ποιήσωμεν
371 2011 571 2096 στερχθῆναι
593 2007 647 2074 καί
672 2013 760 2096 παρά
781 2011 898 2082 παντός
922 2017 977 2074 τού
1000 2013 1140 2096 κάστρου
1164 2018 1221 2096 της
1235 2007 1358 2096 Πίοσητ

87 2133 181 2220 χωρίς
204 2133 313 2212 δόλυο,
337 2139 393 2198 καί
417 2131 460 2207 ύς
485 2132 642 2220 όμνύυμεν
662 2143 763 2200 ταότα
789 2137 887 2222 χωρίς
910 2133 1008 2198 δόλου
1031 2137 1087 2198 καί
1117 2137 1276 2220 περινοίας
1303 2137 1358 2198 καί

87 2259 200 2342 βέβαια
234 2259 436 2346 φυλάξωμεν,
472 2253 572 2330 ούτως
594 2255 647 2322 ἵνα
671 2258 781 2347 βοηθῇ
815 2255 887 2344 ἡμῖν
912 2255 930 2321 ό
953 2260 1033 2332 θεὸς
1056 2261 1112 2322 καί
1136 2261 1175 2322 τὰ
1198 2255 1276 2338 ἅγια
1303 2267 1357 2322 τοῦ

86 2383 165 2445 θεοῦ
190 2377 365 2460 εύαγγέλια
388 2384 444 2446 καί
466 2378 602 2468 ότίμιος
623 2383 679 2446 καί
702 2383 857 2454 ζωοποιύς
882 2383 1025 2466 σταυρός·
1050 2379 1121 2446 ίδού
1145 2381 1240 2469 κοίη
1263 2383 1357 2466 βασι-

86 2505 153 2568 λεία
179 2527 239 2590 μου
264 2503 439 2589 ὲπιβεβαιοῖ
466 2505 520 2570 διὰ
547 2512 603 2570 τυύ
627 2503 870 2591 χρυσυβούλλοο
896 2505 1053 2583 σιγιλλίοο
1084 2500 1182 2592 αύτῆς
1213 2505 1268 2592 την
1292 2505 1356 2570 διο-

86 2633 167 2712 ρεὰν,
191 2629 229 2716 ἢν
250 2627 338 2714 εἶχον
362 2627 413 2694 έπί
435 2640 499 2704 τοῖς
523 2629 698 2716 δηλωθείσι
721 2628 860 2702 δικαίοις
882 2631 970 2716 παρά
993 2637 1098 2694 τετοῦ
1124 2627 1271 2716 ἀοιδίμου
1295 2632 1356 2714 βα-

85 2755 197 2826 σιλέως
231 2757 288 2818 καί
308 2755 438 2818 πάππου
472 2761 527 2840 τῆς
551 2753 717 2842 βασιλείας
753 2773 813 2838 μου
836 2757 893 2816 καί
915 2761 971 2818 τού
1007 2749 1154 2838 ἀοιδίμου
1190 2754 1356 2837 βασιλέως,

85 2875 241 2944 αύθέντοο
264 2881 321 2942 καί
343 2878 462 2962 πατρὸς
479 2873 586 2964 αύτης,
611 2880 667 2942 καί
689 2877 862 2962 διορίζεται
877 2877 995 2961 βέβαια
1015 2882 1119 2964 μένειν
1135 2881 1191 2942 καί
1212 2877 1354 2965 ἀπαρεγ·

85 3007 216 3089 χείρητα
239 3004 279 3066 τά
303 3003 458 3080 γεγονότα
481 3001 604 3074 τούτοις
626 3000 851 3086 χρυσόβοολλα
876 2999 925 3068 έπί
941 3013 980 3090 τη
997 2999 1104 3088 δωρεοβ
1125 3005 1355 3070 τῶντοιούτων

85 3121 254 3212 ἀκινήτων,
290 3123 376 3210 εἴπερ
410 3127 467 3190 καί
492 3118 512 3210 ἡ
537 3125 667 3210 τοιαύτη
701 3127 792 3210 χύρα
820 3133 875 3212 της
910 3124 1034 3213 Πίσσης
1068 3127 1177 3200 καλῶς
1211 3139 1355 3214 σοντηρεῐ

85 3251 136 3324 τὰς
158 3251 241 3336 πρός
265 3249 320 3336 την
345 3248 513 3332 βασιλείαν
535 3243 625 3334 ἡμων
649 3250 706 3312 καί
728 3247 802 3322 τούς
837 3247 1057 3336 κληρονόμους
1091 3253 1147 3314 καί
1182 3250 1354 3338 διαδόχους

85 3369 178 3460 αύτης
214 3375 382 3460 συνθήκας
416 3370 474 3438 καί
501 3371 574 3444 τούς
609 3366 724 3456 ύρκυος
759 3367 861 3438 αύτων
888 3375 965 3458 πρός
993 3373 1083 3460 τιμὴν
1106 3377 1162 3438 καί
1197 3371 1352 3462 ὠφέλειαν

85 3505 135 3584 της
159 3497 329 3581 βασιλείας
352 3492 442 3582 ἡμῶν
465 3497 521 3560 καί
544 3503 600 3580 τῆς
623 3491 810 3580 Ῥωμανίας.
835 3493 885 3560 έπί
908 3497 1008 3582 τούτῳ
1032 3499 1092 3582 γὰρ
1115 3501 1171 3562 καί
1195 3499 1352 3586 κύπειρόν

86 3622 236 3700 σιγίλλιον
260 3629 316 3707 τῆς
341 3619 508 3704 βασιλείας
532 3639 592 3703 μου
616 3616 759 3705 ἀπεδόθη
791 3615 897 3692 αύτοίς
924 3623 1197 3708 καταστρωθηναι
1227 3619 1352 3712 δρείλον

85 3755 142 3820 τοῖς
163 3747 358 3832 προσφόροις
382 3747 545 3832 σεκρέτοις
568 3739 608 3806 δι’
633 3741 754 3830 εἴδησιν
779 3747 852 3830 μηνί
874 3742 985 3828 ίοολίῳ
1006 3744 1203 3820 ίνδικτιιῖινος
1227 3747 1262 3827 γ’.

164 3865 258 3936 Ούτω
281 3878 341 3934 τῶν
370 3869 518 3934 τοιούτων
543 3866 789 3952 χρυσοβούλλων
814 3867 1111 3954 διαλαμβανόντων,
1136 3869 1202 3934 ἐπεί
1224 3869 1254 3935 οἱ
1278 3872 1350 3937 δια·

84 3990 257 4080 ληφθέντες
286 3989 522 4077 ἀποκρισιοίριυι
549 3995 589 4055 τὰ
617 3987 885 4078 ἀναγεγραμμένα
912 3995 1135 4080 συνεφώνησαν
1158 3997 1215 4060 καί
1237 3992 1349 4062 ἑνοπο-

84 4121 189 4206 γροὶρῳ
215 4112 318 4182 αὐτῶν
343 4114 493 4202 ἐγγράφῳ
516 4115 705 4212 περιέλαβον
730 4118 785 4178 καί
809 4111 903 4200 ύριιῳ,
928 4118 1042 4190 καθὼς
1065 4117 1257 4204 δεδήλωται,
1282 4121 1349 4186 διε-

84 4239 315 4324 βεβαιώσαντυ,
346 4240 519 4326 διορίζεται
541 4236 561 4327 ἡ
587 4239 736 4322 βασιλεία
760 4259 821 4324 μου
844 4242 884 4304 τὰ
907 4237 940 4304 έν
964 4252 1029 4316 τοῖς
1053 4237 1350 4330 ἀναγεγραμμένοις

85 4365 331 4450 χρυσοβούλλοις
357 4364 607 4450 περιειλημμένα
638 4367 709 4448 περί
732 4383 765 4426 τε
788 4371 849 4426 τῶν
873 4361 934 4428 ἀπό
958 4373 1014 4451 τῆς
1038 4363 1160 4454 Πίσσης
1192 4370 1269 4453 πρός
1294 4370 1349 4456 τὴν

83 4485 256 4576 Ῥωμανίαν
288 4490 562 4578 σομρονηθίντων
585 4493 641 4554 καί
664 4497 725 4552 τῶν
749 4483 811 4552 ἀπό
835 4497 892 4574 της
915 4485 1092 4575 Ῥωμανίας
1115 4487 1221 4568 αὐτοῖς
1244 4491 1348 4582 έπιρι-

83 4611 317 4702 λοιιμηθέντων
341 4614 376 4676 τό
400 4609 527 4697 ἐνεργόν
551 4611 638 4698 ἔχειν
660 4615 717 4678 καί
741 4608 1012 4696 ἀπαράθραοστον
1035 4619 1092 4679 καί
1116 4611 1196 4680 ούτω
1220 4617 1347 4698 λογίζε-

84 4739 156 4804 σθαι
171 4737 214 4814 ὥς
236 4736 309 4822 ἄρτι
330 4735 581 4823 συμφωνούμενα
604 4739 660 4802 καί
683 4735 982 4824 έπιριλυτιμυύμενα
1005 4736 1061 4802 καί
1086 4737 1348 4844 ἀποκαταστῆναι
