3132 5268
1256 374 1320 442 217

58 591 109 656 χρι
131 577 187 654 της
210 565 378 655 είρημίνης
407 569 535 654 διεερίας
559 571 665 642 πάσας
695 571 752 640 τάς
774 569 999 654 παρελθούσαις
1022 571 1079 634 καί
1103 568 1322 642 ίκπντοσάσας

57 692 166 775 τρίβος
191 693 272 776 μετὰ
293 694 419 756 πάντων
442 699 503 755 τῶν
526 693 724 778 κτφαλαίειν,
749 701 809 756 τῶν
832 695 1074 769 καταστάσεσν,
1103 703 1163 759 τῶν
1187 709 1321 778 στοιχη-

58 817 169 898 μάταν,
194 824 257 878 τῶν
279 823 475 900 συμφωνιῶν,
501 825 562 879 τῶν
585 814 825 902 διασαφηοευιν,
854 824 914 878 τῶν
937 813 1179 902 δπτριυτησαυιν,
1211 816 1322 900 βεβαι-

56 940 160 1002 είσεεόν
193 957 227 1002 τι
261 940 318 1002 καί
351 942 472 1025 ζημιῶν
510 935 685 1002 λπιδόοεοίν
719 957 752 1002 τι
786 942 843 1002 καί
877 948 936 1001 τῶν
966 936 1071 1002 ἄλλον
1104 941 1228 1003 πάντων
1264 948 1322 1002 τῶν

57 1057 329 1146 ίμποριεχοράνεεν
352 1057 386 1125 όν
409 1073 477 1134 ταῖς
505 1063 630 1147 τρίβπις
658 1071 727 1135 ταίς
754 1058 900 1146 ἀνεετίριο
926 1058 1139 1147 δηλουμόναις
1166 1071 1233 1134 ταῖς
1259 1081 1322 1126 πα-

56 1185 261 1268 ρελθούσαις,
295 1186 411 1258 καθελς
434 1189 530 1272 μίχρι
563 1193 618 1250 τοῦ
652 1193 706 1250 νόν
736 1187 925 1271 καδίστηκο
960 1186 1113 1272 σύνηθες,
1150 1189 1229 1271 μετὰ
1262 1196 1322 1249 τῶν
1448 1205 1453 1222 ·

56 1310 279 1396 διασαφήσοεεν
294 1312 352 1372 καί
367 1309 620 1396 πρυσδευρισμεόν
643 1318 703 1372 τῶν
727 1313 895 1394 κατατόρω
919 1312 1180 1396 γραφησομένων,
1203 1309 1322 1395 δηλον-

56 1435 109 1510 ότι,
133 1428 183 1496 ὅτι
203 1430 231 1496 εί
246 1428 336 1496 καίό
359 1441 418 1518 κόρ
442 1432 517 1508 noae
537 1437 595 1498 καί
618 1433 859 1518 τό-κουμοόνιον
881 1431 1031 1506 Βινιτίας
1054 1442 1197 1518 φανερῶς
1221 1430 1321 1517 ίχυυ-

57 1575 101 1619 σιν
125 1553 190 1620 ἀπὸ
213 1563 269 1618 τοῦ
292 1556 389 1620 τόπου
412 1565 473 1620 τῶν
500 1557 617 1640 τρεβῶν
640 1565 700 1620 τῶν
723 1577 756 1619 τε
779 1559 857 1618 νάειν
884 1558 941 1618 καί
968 1565 1028 1618 τῶν
1054 1555 1213 1632 παλαιῶν,
1243 1552 1323 1620 ὥστε

55 1677 166 1752 όζιίναι
194 1690 258 1750 τοῖς
282 1677 463 1752 Βινετίιεοις
485 1673 589 1743 αὐτῶν
616 1675 769 1742 όνιιαδαι
803 1674 983 1762 ίλευδόρεσς
1010 1676 1130 1754 οίκίας,
1165 1680 1322 1763 κάμπους,

55 1802 218 1886 ποριβόλια
242 1806 299 1866 καί
321 1805 474 1888 κπηματα
497 1798 530 1864 δν
552 1812 592 1888 τη
615 1799 950 1867 Κανσταντινυυπόλιι
972 1804 1030 1866 καί
1051 1800 1139 1886 πάοη
1165 1813 1203 1888 τη
1228 1803 1322 1885 βασι.

55 1924 122 2008 λείη
157 1920 263 2012 ἡμῶν,
297 1921 384 2011 ὅμως
407 1921 425 1990 ό
447 1929 678 2012 προτιρημίνος
711 1933 770 2010 κῦρ
797 1925 872 1999 δυόζ
899 1928 955 1989 καί
982 1927 1017 1988 τό
1045 1927 1234 2010 κουμοόνιον
1257 1923 1322 1990 B·-

55 2051 170 2124 νοτίοις,
205 2055 436 2121 κατανοοῦντες
464 2050 521 2135 τὴν
542 2057 707 2132 παροῦσαν
730 2051 928 2114 κατάστασιν
952 2057 1008 2136 της
1033 2049 1199 2132 βασιλείας
1220 2044 1321 2134 ἡμῶν,

53 2169 102 2236 ἵνα
124 2170 303 2258 ίπιγνβμιν
327 2173 383 2257 την
411 2169 514 2238 αὐτῶν
541 2172 646 2259 καλήν
674 2173 820 2238 διάβασιν
847 2173 924 2258 πρός
947 2173 1005 2260 τὴν
1026 2169 1182 2259 ἡμετέραν
1207 2174 1321 2258 σανα-ηε

53 2315 153 2382 ρηοιν,
175 2297 413 2382 πρακνοήσανεο
436 2292 453 2360 ό
477 2295 523 2381 δῷ
544 2301 733 2382 κυυρτεσίας
756 2299 812 2360 καί
835 2293 963 2382 ἀγάπης
985 2291 1101 2381 ἀρόσαι
1122 2291 1196 2383 ἡμῖν
1212 2305 1321 2362 τοῦτον

53 2421 104 2482 τόν
126 2421 260 2504 τρόπον,
295 2415 345 2484 ὅτι
374 2419 418 2504 μη
446 2415 683 2504 όλαττουμίνειν
711 2419 765 2484 διὰ
795 2427 888 2484 τοῦτο
910 2429 1022 2484 πασῶν
1046 2427 1107 2482 τῶν
1131 2416 1322 2503 ίλευδεριιίν

55 2564 85 2606 τε
107 2540 166 2608 καὶ
190 2551 403 2631 φραγγιοιῶν,
433 2541 473 2616 a<
497 2543 610 2628 όχουσι
632 2546 688 2608 καί
712 2541 800 2628 ἔχειν
824 2538 1004 2630 όφείλουσιν
1030 2540 1061 2606 οἱ
1083 2540 1247 2606 Βενέτικοι
1269 2543 1322 2606 διά

54 2677 110 2732 τῖεν
133 2667 264 2752 ορεβιόν,
289 2665 470 2735 κωλύσουσι
492 2667 565 2740 τυός
582 2661 691 2751 Ιαδτιῖιιι
714 2664 914 2743 Βενετίκους,
938 2661 1019 2730 ι’όστι
1043 2670 1138 2752 μέχρι
1159 2675 1217 2752 τῆς
1240 2687 1323 2751 συμ·

52 2791 244 2877 πληρόσεεις
271 2793 328 2856 καί
356 2789 485 2875 διαρίας
509 2799 569 2854 τῶν
591 2799 760 2874 παρουσῶν
782 2790 899 2874 πρεβῶν
925 2789 967 2874 μὴ
992 2787 1155 2874 ἀγοράσαι
1176 2786 1322 2876 όσπήτια,

53 2917 182 2992 τόπους,
216 2913 385 2999 περιβόλια
418 2915 475 2978 καί
502 2915 662 2998 κτήματα,
697 2911 953 3000 ίνακομενόντιον
981 2921 1043 2976 τῶν
1075 2920 1128 2976 νῦν
1162 2907 1257 2976 ὄντων
1290 2910 1323 2976 ίν

52 3047 118 3110 ταῖς
146 3039 242 3124 χερσί
268 3047 330 3101 τῶν
355 3034 531 3104 Βενεπίκιιν
555 3039 637 3122 μετά
664 3045 724 3100 τῶν
752 3037 873 3119 τρόπεον
904 3031 1031 3100 ίκείνιον
1055 3039 1112 3100 καί
1134 3045 1195 3098 τιῐιν
1216 3055 1322 3100 κατα·

53 3163 211 3236 στάσεσιν,
245 3155 324 3224 καθ’
348 3157 387 3233 ός
409 3161 584 3244 κατίχυυσι
607 3165 707 3224 ταῦτα
738 3160 823 3223 κατά
845 3159 881 3222 τό
904 3159 1017 3242 παρόν,
1039 3157 1321 3243 δηλοπυιουμάνυυ,

52 3283 78 3350 τί
99 3289 158 3352 καί
183 3287 223 3350 τὰ
251 3284 392 3370 μάλιστα
419 3282 473 3346 διὰ
501 3292 563 3346 τῶν
597 3282 713 3367 τρεβιῑιν
748 3279 865 3354 ίκανιδς
900 3279 967 3346 ἐστι
994 3280 1092 3368 δῆλον
1119 3284 1175 3346 καί
1209 3276 1245 3346 οό
1277 3281 1325 3344 δει

52 3407 99 3476 όκί
121 3410 224 3476 πλείω
248 3411 458 3496 σαφηνίσεαις,
484 3403 531 3474 ὅτι
554 3407 609 3472 διὰ
632 3407 687 3492 τὴν
711 3403 879 3492 είρημόνην
902 3408 1058 3494 πρόφασιν
1086 3401 1221 3490 υόδιμία
1248 3427 1323 3470 και-

52 3537 155 3621 νόιης,
180 3533 282 3610 δόσις,
304 3535 501 3618 κομμίρκιον
524 3527 544 3616 ἢ
569 3527 753 3616 όμφότευμα
775 3530 945 3616 δυνήσεται
965 3527 1152 3617 ἔπιτοίληναι
1171 3527 1211 3594 δι’
1234 3525 1324 3617 ἡμῶν

51 3679 83 3722 τι
105 3661 165 3724 καί
188 3665 244 3742 τῆς
269 3655 433 3740 βασιλείας
456 3650 545 3741 ἡμῶν
574 3651 625 3721 όπί
653 3667 720 3726 ταῖς
750 3652 880 3731 οἰκίαις,
905 3665 969 3727 τοῖς
996 3657 1118 3733 τόποις,
1148 3665 1211 3730 τοίς
1238 3658 1319 3742 κτή-

52 3804 130 3866 μασι
159 3785 217 3846 καί
235 3781 437 3872 Ιπεριβυλίυις
464 3791 529 3854 τυῑς
556 3787 610 3844 νῦν
638 3775 726 3844 οὖσιν
754 3775 787 3842 ἐν
814 3789 882 3852 ταίς
910 3783 1019 3864 χερσίν
1047 3791 1111 3844 τῶν
1134 3779 1322 3855 Βτνετίκαν,

51 3900 117 3990 ἥτις
141 3907 295 3990 καινότης
321 3907 378 3968 καί
406 3903 504 3988 βάρος
532 3903 702 3990 δυνήσεται
726 3899 889 3987 ἀνακόψαι
912 3900 957 3976 εὶς
980 3903 1102 3989 βλάβην
1126 3908 1184 3966 καί
1207 3907 1324 3989 ζημίαν

52 4039 111 4094 τῶν
146 4027 334 4096 Βονειίκισν.
365 4026 413 4094 ἔτι
447 4023 556 4112 ἐπειδὴ
590 4021 680 4113 ἡμεῖς
708 4021 726 4090 ό
750 4026 899 4108 βασιλεῦς
934 4023 1060 4112 εἴπομεν
1096 4025 1139 4110 τῷ
1169 4025 1323 4112 ιίρημόνερ

52 4153 237 4238 μπαῑοάλῳ,
270 4147 318 4218 ὅτι
340 4149 375 4216 αἱ
395 4150 549 4236 πρόσοδοι
572 4147 629 4214 καί
652 4149 692 4214 τὰ
714 4152 897 4233 κομμόρκια
929 4145 1019 4236 ἡμῶν
1050 4149 1242 4233 βλάπτονται
1269 4149 1325 4214 διαί·

53 4276 223 4342 τὰπολλὰ
250 4273 426 4361 καπηλεία,
461 4270 542 4359 άπερ
566 4271 596 4338 οἱ
617 4271 781 4340 Βενότικοι
810 4280 981 4357 κρατοῦσιν
1006 4273 1040 4338 δν
1063 4271 1323 4338 Κωνοτανπινυο-

52 4401 158 4476 πόλει,
182 4403 240 4463 καί
268 4399 322 4484 την
351 4397 494 4484 μεγάλην
522 4394 675 4482 ἀμετρίαν
698 4403 753 4460 τοῦ
778 4393 863 4459 οἴνου
890 4404 946 4462 τοῦ
973 4396 1177 4480 πωλουμόνου
1205 4393 1237 4460 όν
1261 4391 1325 4460 αιἐι

54 4533 130 4600 τοῖς,
156 4525 214 4586 καί
237 4516 287 4586 ὅτι
309 4522 364 4586 διά
387 4527 487 4584 ταῦτα
515 4517 678 4607 όφαίλυοσι
703 4519 951 4604 προνοήσασθαι
972 4520 1050 4606 πρός
1074 4527 1181 4596 τοῦτο,
1211 4519 1325 4584 τούτου

53 4648 162 4730 χάριν,
195 4645 225 4710 τί
257 4649 313 4710 καί
341 4647 381 4708 τό
409 4643 549 4730 μάλιστα
584 4643 638 4706 διὰ
672 4649 726 4705 τοῑι
755 4641 850 4704 τόπου
885 4651 945 4705 τῶν
980 4643 1096 4727 τρεβιῑιν
1130 4641 1231 4718 ἔξεστι
1259 4653 1324 4716 τοις

53 4766 233 4842 Βενττίκοις
258 4780 383 4853 κρατεῖν
407 4766 566 4852 καπηλεῖα
589 4768 674 4830 κατά
697 4767 800 4830 πάντα
824 4761 962 4851 ἀριθμόν
990 4769 1046 4833 καί
1070 4764 1238 4850 ἀγοράζειν
1267 4767 1325 4834 καί
