3148 5268
238 371 300 438 132

235 568 293 640 τὰς
327 563 488 639 δοκούσας
515 569 572 631 ιιαί
599 573 827 654 νενομισμένας
861 563 967 641 αυτοῖς
994 567 1146 654 συνήθεις
1173 569 1393 653 πραγματείας
1417 567 1503 630 ιιατά

231 691 285 754 τόν
326 687 483 754 δοκοῦντα
520 693 576 753 καί
614 693 819 777 νομιζόμενον
858 685 963 764 αάτοῖς
996 694 1052 754 ιιαί
1087 687 1267 776 οίονδήτινα
1298 691 1414 774 τρόπον
1446 687 1502 751 οιαὶ

233 810 284 878 έπί
312 823 351 900 τη
381 811 532 879 ἀποδόσει
555 821 610 878 τοό
635 816 794 902 συνήθους
817 817 1000 901 ιιομεριιίου.
1026 813 1133 900 έπτιδή
1156 813 1422 899 παρεαλήιευσαν
1446 813 1502 897 τήν

235 936 400 1021 βασιλείαν
430 960 490 1024 μου
513 942 570 1004 ιιαί
593 941 629 1004 τό
652 949 714 1004 πᾶν
737 947 793 1026 τής
823 943 949 1026 γνώμης
980 935 1080 1004 αὐτῶν
1112 936 1157 1012 εἰς
1186 939 1302 1025 ταύτην
1335 933 1501 1012 ἀνέθεντο,

233 1063 288 1128 διά
310 1086 359 1129 τοι
383 1073 473 1130 τοῦτο
498 1069 556 1130 καί
579 1061 617 1128 δι’
640 1063 679 1151 ήν
703 1063 897 1139 ἐνεδείξαντο
921 1067 977 1130 καί
998 1061 1044 1136 είς
1067 1062 1175 1128 έπιιτα
1204 1062 1373 1148 μέλλουσιν
1398 1062 1503 1125 ἐνδεί-

233 1190 373 1253 κνυσθαι
396 1187 591 1275 δουλοσύνην
615 1185 796 1274 ὁλοσχερῶς
821 1185 865 1260 εἰς
887 1189 943 1274 τήν
967 1186 1130 1270 βασιλείαν
1155 1207 1231 1272 μου,
1255 1188 1458 1270 προστάσσει
1483 1182 1502 1270 ἡ

234 1311 381 1397 βασιλεία
416 1331 477 1398 μου
511 1315 567 1378 ααί
601 1310 844 1391 ἐπεγηελεόεται
881 1311 934 1376 διὰ
972 1319 1027 1376 τοό
1063 1313 1218 1397 παρόντος
1256 1311 1502 1396 χρυσοβοόλλου

232 1435 330 1515 λόγου
354 1431 465 1523 αὐτῆς,
494 1433 538 1536 ὥς
561 1433 599 1500 ἀν
624 1432 831 1519 ἀπεαβυὶλυυσι
857 1437 913 1499 οιαὶ
941 1431 1028 1500 οὗτοι
1055 1437 1090 1498 τό
1122 1436 1273 1520 σύνηθες,
1298 1429 1342 1506 ὣς
1366 1431 1501 1520 εἴρηται,

231 1563 406 1644 ιιομέριιιον
430 1556 572 1624 ἐνταῦθα
594 1563 680 1624 αατὰ
709 1559 764 1646 τήν
787 1567 848 1623 τῶν
870 1557 1039 1623 Γενουῐτῶν
1066 1559 1151 1633 τάξιν
1175 1579 1208 1621 τε
1231 1561 1288 1622 ιιαί
1315 1559 1502 1644 συνήθειαν,

231 1685 288 1746 τισί
312 1677 385 1746 οὔτε
404 1680 515 1760 πλέον,
540 1679 612 1746 οότε
637 1681 698 1768 μήν
722 1681 869 1759 έλαττον,
894 1679 968 1746 ἄνευ
991 1689 1047 1766 τῆς
1076 1688 1132 1744 τοῦ
1164 1683 1272 1758 ζυγίοο
1304 1677 1501 1766 ἀπεαβολής,

231 1805 348 1878 καθὼς
376 1805 485 1890 μέλλει
512 1799 723 1891 ῥηθήσεσθαι
751 1807 910 1870 ιιάτυθεν.
937 1801 989 1868 ἵνα
1012 1804 1047 1867 δὲ
1071 1801 1128 1868 καὶ
1150 1806 1235 1867 πατὰ
1260 1805 1354 1888 μόρος
1378 1807 1419 1868 τὰ
1443 1813 1502 1890 της

231 1924 414 2013 ἀπενιβολῆς
440 1930 496 1992 καί
525 1925 689 2014 ένυνόμιυς
716 1928 949 2014 διορισώμεθα,
979 1925 1071 1990 ἔσται
1102 1919 1212 1998 οότυς·
1236 1923 1286 1989 ἐπί
1310 1936 1349 2013 ιη
1375 1924 1503 1990 έλεόσει

230 2059 290 2114 τῶν
318 2050 373 2115 διὰ
395 2050 570 2136 θαλάσσης
592 2053 746 2116 παντοίων
769 2054 944 2137 γομαρίυν,
980 2045 1043 2114 όσα
1071 2052 1128 2134 μέν
1155 2049 1273 2112 τούτων
1296 2053 1352 2112 τιαί
1377 2046 1410 2114 έν
1435 2061 1502 2122 τοῖς

208 2165 290 2248 ’ἔξω
314 2176 440 2259 μέρεσιν
469 2171 662 2260 ἀπέρχονται
686 2171 719 2238 ἐν
742 2185 781 2260 τῇ
806 2171 940 2260 ἐκβολή,
975 2170 1027 2237 ἵνα
1060 2181 1211 2236 ποιῶνται
1234 2172 1289 2257 τήν
1313 2167 1502 2258 ἀπενιβολήν

230 2296 261 2362 οἱ
283 2301 521 2384 πραγματευταί
556 2295 631 2384 όπέρ
659 2296 727 2372 ἑνός
756 2297 894 2363 ἑιισίστου
929 2300 1085 2382 γομαρίου
1119 2295 1225 2383 ἀσπρα
1258 2306 1315 2384 τῆς
1350 2307 1503 2385 χαραγής

230 2429 287 2507 τῆς
311 2421 478 2506 βασιλείας
502 2443 562 2510 μου
586 2421 717 2502 εἴκοσιν,
750 2420 812 2488 όσα
834 2423 870 2487 δέ
893 2423 1009 2487 τοότυν
1032 2421 1160 2486 λόονται
1182 2426 1238 2487 νιαί
1261 2422 1503 2488 διαπυλοϋνται

229 2545 386 2626 ἐνταῦθα,
415 2544 444 2610 εί
467 2548 523 2632 μέν
545 2541 566 2632 ή
590 2545 834 2633 διαπωλουμένη
863 2549 1063 2632 πραγματεία
1088 2548 1208 2633 πέρυτε
1232 2547 1285 2611 διὰ
1309 2551 1419 2627 (υγίου
1442 2553 1504 2614 οιαὶ

228 2669 306 2755 πρός
322 2665 493 2748 ἃλλογενές
507 2671 676 2753 πρόσωπον
698 2673 754 2734 τιαί
777 2669 820 2756 μή
845 2665 882 2734 ἐκ
906 2670 1068 2755 βενετιπῆς
1083 2665 1118 2734 όν
1135 2689 1171 2750 γε
1187 2671 1297 2756 ρολῆς,
1321 2669 1374 2736 ἵνα
1397 2672 1501 2736 δίδου-

227 2813 277 2860 σιν
300 2792 317 2859 ό
341 2793 545 2881 διαπυληιής
577 2793 622 2868 εἰς
649 2797 688 2860 τὰ
718 2792 833 2860 έναιόν
865 2795 931 2858 δόο·
956 2797 1026 2879 τρία
1060 2797 1122 2879 γὰρ
1157 2791 1297 2881 όπηρχον
1331 2799 1500 2884 πρότερον,

228 2917 312 2985 ἀλλά
340 2921 393 2984 διὰ
421 2921 477 3006 τήν
504 2927 560 2984 τοῦ
594 2923 783 3006 νιουμουνίυο
810 2918 958 2992 Βενετίας
991 2919 1083 3006 τιμήν
1118 2924 1175 2984 ιιαί
1201 2920 1257 3006 τήν
1285 2917 1414 2995 ἀξίωσιν
1440 2933 1500 2987 τοῦ

227 3045 384 3108 τοιουτου.
399 3039 639 3129 ἀποαρισιαρίου
666 3047 723 3107 παὶ
750 3051 810 3109 τῶν
837 3039 1009 3108 Βενιτίιιυν
1036 3053 1118 3107 ποιεῖ
1144 3043 1265 3128 δωρεὰν
1293 3040 1314 3131 ή
1344 3045 1499 3127 βασιλεία

159 3233 166 3258 ρ
228 3187 303 3253 μου,
336 3163 389 3232 ἵνα
412 3165 472 3230 εἰσί
500 3167 568 3231 δόο.
592 3164 741 3242 ὡσαότιος
775 3164 827 3230 ἵνα
854 3163 981 3231 δίδωσιν
1006 3163 1023 3231 ό
1047 3173 1188 3241 τοιοῦτος
1210 3168 1415 3255 διαποιληιής
1439 3177 1501 3236 καὶ

227 3287 303 3376 ὑπέρ
334 3294 442 3371 ζυγίου
465 3291 521 3354 δύο
545 3287 657 3376 ήμισυ,
680 3289 762 3356 τουτ’
787 3289 871 3356 ἔστιν
895 3289 963 3355 ἀντὶ
993 3299 1053 3356 τῶν
1082 3295 1241 3377 προτέρων
1270 3296 1362 3358 πέντε
1396 3290 1501 3380 ἥμισυ

227 3419 282 3477 τοῦ
307 3417 415 3494 ζυγίου
438 3421 490 3479 νῦν
510 3417 651 3500 τέσσαρα
673 3411 784 3501 ἥμισυ,
808 3419 865 3479 καί
888 3412 905 3480 ὁ
930 3411 1109 3500 ἀγοραστής
1132 3419 1217 3480 κατὰ
1241 3416 1297 3502 τήν
1319 3425 1502 3504 προκειμέ-
1560 3435 1561 3438 ’

227 3555 285 3623 νην
313 3541 370 3600 ιιαί
403 3540 558 3622 προτέραν
594 3537 777 3625 συνήθειαν.
802 3535 830 3601 εί
852 3535 879 3600 δ’
901 3535 978 3610 ἴσως
1009 3532 1067 3601 οόκ
1100 3537 1167 3602 ἔστι
1197 3539 1252 3603 διὰ
1284 3543 1407 3619 ζυγίου,
1443 3539 1501 3606 ἵνα

227 3658 302 3746 δίδη
336 3662 405 3745 τρία
441 3663 523 3746 μόνα
550 3658 595 3733 τίς
622 3664 662 3726 τὰ
689 3659 814 3726 έιιατόν.
844 3657 881 3726 ἀν
905 3657 933 3725 δ’
958 3657 975 3724 ό
998 3681 1033 3724 τε
1063 3662 1177 3726 πυλῶν
1203 3666 1260 3726 οιαὶ
1282 3660 1300 3727 ό
1325 3662 1500 3750 ἀγοράζων

228 3778 287 3847 ὦσι
313 3779 475 3848 Βενέτιιιοι
502 3788 558 3850 ααί
586 3785 641 3849 διὰ
669 3788 791 3864 ζυγίοο,
821 3782 1009 3870 δπιινλητής
1036 3785 1093 3848 δίο
1120 3781 1219 3870 ἥμισυ
1245 3790 1302 3851 παλ
1326 3784 1343 3851 ό
1369 3785 1501 3874 ἀγορα-

229 3907 306 3994 στής
341 3905 458 3994 όμοίυς
491 3909 549 3974 δόο
575 3906 688 3996 ἥμισυ·
713 3909 741 3975 εἰ
768 3910 803 3974 δέ
828 3907 904 3975 ἄνευ
932 3913 1053 3988 ζυγίου,
1077 3912 1133 3974 καί
1156 3909 1251 4000 ἀμρω
1274 3915 1310 3978 τό
1344 3919 1502 3999 παράπαν

228 4029 329 4098 οὐδέν.
355 4033 437 4100 έστυ
453 4035 489 4099 δὲ
507 4036 661 4116 γνωστόν,
686 4032 737 4099 ὅτι
757 4037 793 4099 τό
809 4037 962 4120 γομάριον
986 4037 1021 4098 τό
1045 4038 1124 4122 μήτε
1149 4036 1247 4101 λυθὲν
1270 4035 1291 4124 ἢ
1315 4038 1416 4104 λυθὲν
1440 4047 1503 4106 καί

227 4160 370 4246 τηρηθέν
403 4163 459 4225 ιιαί
494 4160 536 4247 μή
571 4160 794 4246 διαπυληθέν,
831 4163 909 4247 μήτε
945 4157 989 4232 εἰς
1024 4158 1151 4234 ἀξυτίαν
1191 4158 1386 4240 ἀποσταλέν,
1424 4161 1502 4229 ἀλλ’

227 4280 326 4348 ἀπίου
354 4288 572 4374 μεταστραρέν
597 4283 855 4370 ἀπομμέριιευτον
886 4284 1194 4372 διαρυλαχθήσεται.
1221 4285 1327 4350 ἔτιδὲ
1351 4293 1500 4373 χρυσίον,

228 4405 389 4495 ἀργόριον,
417 4410 747 4497 λιθομαργαρίταρον,
777 4412 915 4494 ζυνόρια
938 4409 994 4471 οιαὶ
1016 4410 1055 4471 τὰ
1077 4409 1298 4496 παραπλήσια,
1326 4407 1370 4485 ὣς
1394 4415 1500 4501 συνη-

227 4533 301 4610 θες,
330 4529 576 4619 ἁνιομμέραευτα
598 4535 655 4597 καί
678 4539 777 4596 ταῦτα
801 4533 1111 4618 συντηρηθήσυνται,
1141 4533 1221 4618 πλήν
1245 4530 1273 4596 δ’
1298 4532 1348 4600 ἐπὶ
1371 4547 1411 4622 τή
1436 4535 1500 4601 έιι-

228 4655 310 4742 βολή
344 4667 403 4720 τῶν
437 4662 598 4743 γομαρίυν
633 4659 672 4720 τὰ
705 4658 827 4727 τούτοις
862 4653 1022 4741 ἀνήκοντα
1057 4653 1158 4720 είιιοσι
1193 4655 1300 4742 ἄστρα
1342 4662 1500 4746 συνήθως

229 4775 514 4867 ἆπαιτηθήσονται.
550 4783 607 4846 ιιαί
631 4783 702 4866 περὶ
733 4783 790 4865 μέν
816 4787 876 4843 τῶν
910 4777 964 4848 διὰ
998 4777 1171 4867 θαλάσσης
1205 4775 1387 4868 ἀρχομένων
1409 4805 1500 4850 παν-
