3182 5264
232 332 275 396 46

233 545 293 610 μου
317 521 373 588 καὶ
396 532 452 610 τῆς
476 523 665 609 Ῥωμανίας,
692 522 775 588 ἀλλὰ
801 525 881 612 μηδὲ
907 522 968 590 ἀπό
993 534 1062 602 τοῦ,
1090 523 1133 597 ὡς
1164 524 1299 612 εἴρηται,
1326 521 1513 609 προβάντος

232 647 415 713 σκανδάλου
449 650 605 733 πρόφασιν
640 644 811 733 ότεδηποτε
847 659 982 734 μερικῶς
1011 647 1031 736 ἢ
1059 649 1207 713 καθόλου
1246 649 1289 734 τῷ
1323 653 1412 734 μέρει
1450 657 1514 734 τῆς

233 773 399 855 βασιλείας
424 793 484 857 μου
507 774 563 834 καί
587 780 643 856 της
667 767 878 858 Ῥωμανίαςῆ
903 784 941 859 τῇ
965 771 1085 854 Γενσύα
1108 773 1247 858 δοθῆναι
1270 771 1317 844 εὶς
1341 771 1514 856 ἀναίρεσιν

231 905 291 959 τῶν
315 895 429 980 μεταξύ
450 892 538 982 ἡμων
563 897 837 983 συμφωνηθέντων
867 893 898 958 έν
922 897 965 980 τῷ
986 897 1212 982 χρυσοβούλλιρ
1241 896 1327 985 λόγῳ
1348 905 1413 986 της
1445 898 1515 978 βα-

232 1021 353 1092 σιλείας
388 1041 448 1103 μου
472 1023 527 1083 καί
556 1019 598 1106 τῷ
619 1017 828 1122 όρκωμυτρκῴ
862 1018 1012 1106 ἐγγράφῳ
1048 1015 1150 1084 αὐτῶν
1180 1017 1514 1106 ἐμπεριειλημμὲνων,

232 1139 302 1207 ἀλλ’
327 1141 359 1206 ἐν
388 1140 525 1230 ἀσφαλεῖ
557 1142 847 1228 καίάπαραβάτῳ
882 1148 937 1206 καί
972 1145 1110 1228 ἀκεραίῳ
1139 1145 1357 1231 φυλάττεσθαι
1392 1152 1514 1218 ταῦτα,

231 1269 345 1340 καθὼς
367 1265 512 1353 ἀρχῆθεν
529 1265 735 1354 έξετέθησαν,
756 1271 812 1332 καί
829 1263 910 1330 ούτω
933 1269 1132 1347 λογίζεσθαι,
1157 1265 1200 1338 ὡς
1218 1268 1356 1352 μηδενός
1380 1287 1515 1352 παρεμ-

230 1394 381 1463 πεσύντσς
399 1391 583 1455 σκανδάλου
606 1389 652 1462 εἰς
677 1387 837 1476 ἀναίρεσιν
861 1392 976 1456 τούτων
1001 1389 1206 1477 ὁπωσδήποτε
1231 1389 1427 1478 ἀφορῶντος.
1454 1393 1513 1454 έπί

230 1518 329 1600 τούτῳ
354 1517 415 1600 γὰρ
439 1518 494 1578 καὶ
518 1517 553 1578 τό
577 1517 677 1600 παρὸν
708 1517 944 1600 χρυσόβσυλλον
981 1489 1239 1594 σιγίλλιον·
1256 1525 1312 1602 τῆς
1338 1517 1512 1598 βασιλείας

233 1661 293 1724 μου
328 1638 551 1724 έπεβραβεύθη
587 1635 692 1711 αὐτοῖς
728 1637 772 1710 εἰς
811 1636 988 1726 ἀσφάλειαν
1024 1638 1231 1712 σίωνίζουσαν
1267 1645 1296 1720 β.
1333 1640 1352 1716 †
1386 1639 1513 1726 Μηνὶ

231 1759 473 1846 δκτωβρίιρ
507 1761 588 1826 ἰνδ.
614 1762 651 1846 ιβ’
675 1762 705 1846 †.

321 1893 397 1964 Ονίρ.
416 1894 517 1948 charta
533 1894 620 1950 bomb.
639 1893 739 1948 ίσύυίί.
761 1892 954 1948 Τακτίιιετισίε.

498 2129 502 2150 Ι
564 2183 643 2252 VIII.
661 2184 910 2266 (6707-1199)
927 2185 1037 2252 martio
1053 2185 1118 2253 ind.
1134 2187 1171 2253 II.

230 2353 347 2410 Αίιείασ
363 2353 428 2412 ΙΙΙ.
452 2353 576 2424 Amyclae
601 2353 768 2416 θσωησιιιισ,
794 2365 878 2424 capto
902 2365 928 2409 σί
947 2358 1051 2426 punito
1075 2354 1216 2428 (λαβοπίο,
1239 2357 1326 2408 mittit
1351 2353 1512 2410 Nicolaum

228 2482 363 2536 medicum
382 2481 505 2550 ίσμσίιικι
525 2481 565 2535 ad
581 2482 807 2536 communitatem
823 2479 944 2542 Ιακαασ,
962 2484 1110 2535 utiterum
1131 2490 1270 2534 tractetur
1285 2480 1319 2533 άσ
1332 2481 1510 2550 ρνίυίίτρίίε.

318 2636 338 2710 †
361 2634 502 2710 Ἀλέξιος
522 2633 554 2699 ἐν
577 2635 704 2721 Χριστῷ
726 2633 768 2720 τῷ
791 2633 859 2720 θεῷ
880 2638 989 2706 πιστός
1014 2635 1178 2718 βασιλεύς,
1207 2635 1388 2720 θεσστεφὴς
1414 2633 1511 2710 ἄναξ,

130 2805 137 2815 -
230 2765 396 2849 κραταιός,
431 2759 566 2848 ύψηλός,
603 2760 653 2826 ἀεὶ
682 2759 857 2840 αύγουστος
891 2765 947 2824 καί
976 2757 1181 2846 αὐτοκράτωρ
1206 2758 1369 2845 Ῥωμαίων
1393 2758 1411 2823 ό
1436 2759 1512 2825 Κο-

231 2889 347 2972 μνηνός
371 2883 414 2972 τῷ
437 2890 642 2971 συνετωτάτη)
678 2884 868 2970 ἐξουσιαστη
902 2883 926 2948 Γ
929 2887 1042 2956 ενυύας
1075 2889 1131 2948 καί
1160 2895 1224 2956 τοῖς
1253 2887 1513 2972 φρονιμωτάτοις

228 3013 416 3085 κσνσσύλοις
439 3017 494 3076 καί
519 3015 693 3096 σενάτωρσι
716 3015 771 3074 καί
794 3010 837 3095 τιβ
857 3010 958 3094 λοιπηῑ
980 3015 1071 3074 παντὶ
1087 3013 1273 3097 πληρώματι
1290 3021 1344 3074 τού
1361 3015 1513 3096 κάστρου

227 3135 253 3200 Γ
254 3137 365 3208 ενσύας
388 3138 443 3222 την
468 3140 561 3222 χάριν
585 3131 683 3200 αύτοϋ
717 3138 773 3199 καί
796 3137 831 3198 τό
867 3131 995 3214 ἀγαθόν
1029 3135 1171 3220 θέλημα.
1209 3133 1329 3221 ἀψευδῆ
1366 3141 1407 3200 τὰ
1442 3147 1512 3200 των

227 3258 299 3347 παρ’
322 3255 463 3347 Ἕλλησι
487 3270 593 3348 σοφῶν
618 3259 856 3346 ἀποφθέγματα
873 3263 928 3322 καί
953 3259 1230 3346 γνωμολυγήματα
1254 3265 1310 3324 καί
1327 3257 1369 3331 ὡς
1388 3258 1512 3325 ἐπίπαν

230 3383 393 3470 έπίστσχα.
430 3395 534 3448 κακοῦ
571 3393 646 3462 γοῦν
682 3383 796 3469 ἀνδρός
832 3379 909 3469 ὅλην
937 3383 1028 3446 πόλιν
1058 3381 1227 3448 ἀπολαύειν
1252 3381 1268 3448 ό
1292 3383 1364 3470 παρ’
1394 3382 1511 3460 αὐτοῖς

229 3511 327 3596 σοφός
360 3510 494 3594 ποιητὴς
528 3505 674 3580 Ἡσίοδος
710 3507 902 3596 ἀπεφήνατο·
932 3503 968 3570 σύ
997 3509 1107 3571 καινόν
1131 3516 1219 3587 γοῦν,
1249 3507 1276 3572 εί
1300 3507 1356 3572 καὶ
1380 3509 1423 3594 τῷ
1447 3521 1511 3576 τοῦ

227 3629 306 3696 καθ’
331 3627 413 3718 ύμᾶς
446 3636 586 3718 κάστρσυ
621 3632 838 3719 της-Γενούας
873 3631 1060 3716 πληρώματι
1083 3632 1137 3694 διὰ
1161 3641 1221 3714 τῶν
1244 3651 1333 3697 τινων
1359 3631 1391 3707 ἐξ
1415 3629 1512 3719 ὑμῶν

228 3760 346 3819 κακίαν
364 3759 447 3841 μέγα
462 3758 615 3838 π[άντως]
633 3754 780 3840 έπετρίβη
806 3759 965 3841 ζημίωμα,
990 3758 1046 3818 καὶ
1071 3755 1213 3842 μεγάλης
1238 3752 1319 3820 οὕτω
1343 3760 1399 3821 καί
1422 3769 1513 3822 πᾶσι

227 3891 289 3952 τοῖς
314 3879 424 3945 ἔθνεσι
452 3881 585 3968 φιλητης
611 3883 667 3944 καὶ
698 3877 867 3966 ἀγαπητῆς
896 3873 1061 3964 εὐμενείας
1094 3887 1148 3964 τῆς
1174 3880 1339 3962 βασιλείας
1365 3904 1426 3966 μου
1453 3881 1512 3947 ἐπὶ

227 4005 337 4090 καιρόν
362 4003 568 4092 ἐστερήθητε,
592 4007 648 4068 καί
671 4001 704 4067 αἱ
728 4001 773 4075 τίς
797 4003 852 4088 την
880 4003 1029 4086 βασιλίδα
1051 4005 1165 4090 ταύτην
1197 4014 1258 4068 των
1288 4006 1411 4072 πόλεων
1446 4011 1513 4070 καὶ

227 4125 259 4203 ἐξ
283 4125 380 4215 αὐτῆς
415 4127 564 4214 ἐμπορίαι
597 4126 686 4214 ἡμῶν
721 4131 778 4190 καί
801 4131 840 4190 τὰ
871 4127 970 4212 κέρδη
996 4124 1141 4190 ἐντεῦθεν
1170 4125 1421 4215 ἐπεσχέσθησαν
1446 4137 1512 4195 καὶ

227 4251 482 4338 διεκωλύθησαν.
507 4251 588 4338 πλὴν
614 4249 681 4315 ἐπεὶ
709 4253 789 4315 θεοῦ
812 4253 945 4336 προνοίη
969 4246 985 4312 ὅ
1011 4272 1050 4334 τε
1067 4259 1122 4336 τῆς
1145 4259 1252 4337 κακῆς
1276 4257 1393 4339 ταύτης
1416 4259 1509 4339 πρά-

227 4378 303 4450 ξεως
339 4372 483 4462 ἀρχηγός
519 4373 662 4439 έκποδιδν
686 4378 811 4454 γέγονε,
847 4377 903 4437 καί
927 4371 1015 4446 ἀξίου
1043 4384 1103 4438 τῶν
1129 4373 1240 4459 ,ἔργων
1264 4371 1362 4440 αύτσῡ
1390 4379 1513 4454 τέλους

226 4502 392 4588 τετύχηκε,
409 4505 496 4585 παρὰ
513 4508 568 4565 τοῦ
585 4501 772 4564 θεσσιύστυυ
789 4497 904 4562 στόλου
920 4505 975 4582 τῆς
1000 4497 1163 4579 βασιλείας
1180 4519 1240 4583 μου
1265 4504 1507 4586 κατασχεθεὶς,

218 4628 282 4688 1καί
305 4623 334 4689 οἱ
358 4625 413 4689 σύν
442 4623 565 4709 ελκείνιρ
593 4623 628 4687 δέ
657 4618 812 4709 ὁμόφυλοι
841 4617 926 4706 ύμων
955 4623 1069 4704 πάντες
1093 4621 1218 4706 δέσμιοι
1242 4634 1310 4695 ταῖς
1334 4629 1422 4690 κατὰ
1447 4630 1511 4716 τὴν

227 4747 449 4832 Μεγαλόπολιν
472 4749 630 4838 φυλακαῖς
656 4743 876 4834 ἀπεδόθησαν,
899 4742 960 4808 κάν
984 4739 1082 4830 καὶὴ
1108 4747 1255 4828 βασιλεία
1275 4771 1337 4837 μου
1361 4754 1397 4815 τό
1422 4756 1511 4838 πρὸς
