3132 5268
263 356 329 417 222

264 552 321 620 τὰς
350 544 556 634 ὁπωσδήποτε
584 543 815 631 ἐπενεχθείσας
843 541 915 632 ἡμῖν
942 547 998 610 καί
1027 555 1066 632 τῇ
1095 544 1241 630 βασιλεία
1269 539 1358 630 ήμῶν
1386 545 1443 606 καί
1472 554 1535 614 τοῖς

262 674 543 757 προηγησαμένοις
577 665 664 756 ἡμᾶς
691 669 745 733 διὰ
774 677 830 734 τού
863 671 1092 755 προειρημένου
1118 675 1215 753 κυρυύ
1251 667 1368 739 δουκός
1394 669 1451 730 καί
1481 673 1534 729 τού

264 799 454 877 κουμουνίου
489 793 653 870 Βενετίας,
689 803 750 857 των
778 815 811 856 τε
838 793 1025 857 καπετάνων
1056 801 1116 856 τῶν
1143 789 1333 866 Βενετίκων,
1369 788 1432 854 εἴτε
1463 785 1533 872 παρ’

265 916 472 1004 οάονδήτινων
506 915 612 981 ἄλλων
641 914 865 1004 ὀφφικιαλίων,
901 925 1097 1002 προνοητιέν,
1132 910 1289 1000 βεκτόρων
1320 918 1378 978 καί
1411 916 1534 978 πάντων

266 1041 370 1107 ἄλλων
395 1041 604 1128 οίωνδήτινων
627 1037 885 1126 ὑποτεταγμένων
909 1039 952 1126 τῷ
973 1041 1059 1126 κυρῷ
1085 1040 1177 1104 δουκί
1204 1037 1261 1104 καὶ
1288 1039 1331 1124 τῷ
1356 1033 1535 1124 κουμουνάρ

266 1167 426 1238 Βενετίας.
456 1169 512 1228 καὶ
540 1165 580 1250 δή
611 1162 672 1228 ἀπό
700 1173 759 1228 τῶν
793 1167 1028 1250 προειρημένων
1060 1165 1185 1228 πάντων
1213 1166 1269 1228 καί
1303 1159 1448 1228 έκάστων
1477 1173 1535 1225 τῶν

266 1291 451 1374 συμβάντων
479 1285 536 1352 καὶ
564 1269 740 1373 γενομένων
769 1291 825 1352 καί
849 1285 1085 1372 ἐπενεχθέντων
1110 1285 1253 1352 έστωσαν
1281 1287 1431 1350 καθόλου
1455 1283 1534 1349 ἀπο·

266 1415 431 1498 λελυμένοι
447 1410 504 1476 καὶ
528 1409 793 1498 ἀναπεπαυμένοι,
818 1407 1034 1483 ἀναπαύοντος
1056 1407 1114 1474 καὶ
1138 1407 1331 1486 ἀπολύοντες
1354 1414 1411 1474 καί
1435 1408 1480 1482 είς
1502 1410 1535 1472 τό

267 1537 415 1623 διηνεκέςΙ
447 1534 691 1620 ἐλευθεροῦντες
725 1537 779 1599 τόν
813 1532 977 1620 εἰρημένον
1005 1543 1065 1620 κύρ
1093 1535 1212 1600 δούκαν
1246 1538 1303 1598 καί
1331 1536 1367 1598 τό
1394 1535 1534 1618 κουμού-

266 1679 331 1724 νιον
365 1659 533 1734 Βενετίας,
568 1657 641 1729 τούς
676 1657 775 1729 λαούς
803 1654 905 1722 αὑτῶν
932 1660 988 1722 καί
1018 1657 1091 1731 τούς
1124 1652 1397 1743 ὑποτεταγμένους
1433 1653 1536 1726 αὑτοῖς

267 1780 329 1848 ἀπό
355 1791 466 1846 πασῶν
495 1791 555 1844 τῶν
582 1784 814 1866 προειρημένων
843 1777 974 1846 ἀδικιύν
1004 1784 1061 1846 καί
1091 1790 1151 1844 τῶν
1175 1779 1281 1844 ἄλλων
1305 1790 1365 1844 τῶν
1389 1777 1535 1862 δπωσδή·

266 1927 342 1970 ποτε
365 1900 437 1990 ἡμῖν
464 1908 521 1968 καί
550 1915 614 1976 τοῖς
641 1907 922 1990 προηγησαμένοις
954 1897 1041 1988 ἡμᾶς
1071 1906 1128 1968 καί
1155 1915 1194 1990 σή
1221 1899 1362 1990 ἡμετέρα
1391 1903 1536 1986 βασιλεία

268 2025 505 2113 ἐπενεχθέντων
532 2023 787 2113 προσκομμάτων
814 2029 870 2090 καί
900 2030 1019 2112 ζημιῶν
1048 2029 1143 2112 μέχρι
1166 2035 1222 2112 τής
1247 2027 1413 2112 παρούσης
1438 2028 1536 2111 σήμε-

268 2173 322 2236 ρον
345 2148 478 2238 ἡμέρας,
503 2147 546 2224 ἀς
570 2148 714 2236 ἀνωτέρω
736 2153 935 2236 προείρηται,
964 2147 1027 2214 ἀπὸ
1051 2157 1105 2214 τού
1128 2157 1244 2234 καιροῦ
1267 2159 1328 2214 τῶν
1351 2149 1537 2214 τελευταίων

270 2277 386 2360 τρεβῶν
420 2286 480 2338 των
516 2277 691 2360 γενομένων
727 2271 759 2336 ὲν
788 2284 826 2359 τῇ
849 2272 1182 2339 Κωνσταντινουπύλει
1216 2271 1273 2338 καὶ
1307 2272 1351 2347 είς
1386 2276 1423 2338 τό
1459 2271 1536 2358 ἕξής.

269 2402 338 2482 περί
362 2398 396 2460 δέ
421 2407 481 2461 τῶν
517 2395 616 2482 ἔργων
651 2405 707 2481 τής
732 2394 870 2462 Τενέδου
898 2397 1039 2483 μηδεμία
1074 2394 1219 2477 γενέσθω
1255 2399 1364 2483 μνήμη
1392 2399 1479 2462 κατὰ
1506 2395 1537 2458 τό

270 2525 384 2607 παρόν,
420 2519 504 2585 ἀλλὰ
539 2525 720 2606 μενέτωσαν
745 2515 843 2594 οὑτως
872 2517 905 2584 ἐν
929 2524 1091 2608 μετεώρῳ,
1128 2525 1239 2608 μέχρις
1263 2518 1302 2586 ἂν
1325 2519 1343 2586 ό
1367 2518 1537 2607 ὡρισμένος

271 2647 387 2730 χρόνος
418 2653 473 2729 τής
503 2645 665 2730 παρούσης
696 2645 808 2728 τρέβας
835 2645 982 2730 διαμένῃ.
1007 2643 1055 2708 έτι
1078 2645 1113 2708 δέ
1137 2645 1180 2730 μή
1208 2649 1381 2730 νοουμένου
1408 2645 1464 2708 διὰ
1488 2650 1537 2726 τήν

270 2768 433 2853 παρούσης
467 2767 582 2851 τρέβας
610 2769 667 2830 καί
694 2771 890 2854 συμφωνίας,
926 2762 975 2830 ὅτι
998 2763 1053 2832 ὀόιν
1077 2764 1136 2832 ὑσί
1170 2787 1239 2832 τινα
1274 2767 1457 2852 συμβόλαια
1486 2761 1537 2829 καὶ

272 2894 449 2976 συμφωνίαι
471 2887 492 2976 ή
517 2892 734 2974 στοιχήματα,
771 2887 803 2964 ἐξ
830 2885 873 2952 ἀν
896 2887 916 2976 ή
941 2887 978 2954 ἐκ
1006 2899 1062 2976 τής
1096 2889 1261 2976 δυνάμεως
1296 2889 1427 2954 ὀκείνων
1462 2893 1537 2958 τινές

271 3011 422 3098 Ῥωμαῖοι
451 3007 699 3097 ὑποτεταγμένοι
722 3009 742 3098 ή
765 3015 871 3076 πιστοί
899 3008 988 3098 ήμῶν
1020 3015 1076 3076 καί
1102 3021 1159 3098 τής
1182 3008 1340 3099 ἡμετέρας
1376 3013 1538 3096 βασιλείας

272 3135 437 3223 ἐνέχονται
470 3134 491 3222 ἢ
522 3133 686 3222 ὀφείλουσι
716 3135 897 3208 Βενετίκοις
931 3139 1009 3199 τισίν
1040 3131 1304 3220 ὑποτεταγμένοις
1337 3141 1394 3202 καί
1424 3147 1538 3206 πιστοῖς

272 3262 315 3346 τῷ
341 3258 427 3345 κυριρ
459 3260 552 3322 δοοκί
578 3263 635 3322 καὶ
668 3257 710 3342 τῷ
735 3263 915 3344 κουμουνίιρ
938 3257 1104 3336 Βενετίας,
1139 3257 1159 3346 ή
1192 3257 1346 3324 ἀνάπαλιν
1381 3259 1537 3324 Βενέτικοί

271 3407 353 3459 τινες
389 3381 635 3468 ὑποτεταγμένοι
669 3387 725 3446 καί
757 3381 862 3446 πιστοὶ
890 3382 933 3468 τῴ
959 3381 1047 3468 κυριρ
1080 3381 1173 3448 δουκὶ
1206 3387 1262 3448 καί
1294 3383 1337 3469 τῴ
1365 3386 1538 3470 κουμουνίιρ

272 3507 421 3580 Βενετίας
458 3507 623 3592 ἐνέχονται
650 3503 670 3592 ἢ
700 3503 863 3593 ὀφείλουσι
889 3503 1058 3592 Ῥωμαίοις
1085 3505 1164 3571 τισὶν
1191 3503 1459 3593 ὑποτεταγμένοις
1488 3508 1537 3570 καί

274 3640 395 3702 πιστοῖς
416 3625 506 3715 ἡμῶν
529 3635 584 3694 καί
609 3641 646 3714 τη
672 3629 820 3712 βασιλεία
850 3625 939 3714 ἡμῶν
967 3625 1190 3717 ὁπωσδήποτε,
1227 3629 1358 3695 έσονται
1389 3629 1537 3719 ἀφειμένα

273 3753 294 3841 ή
318 3753 581 3839 ἀνατετραμμένα
604 3751 623 3840 ή
648 3751 762 3836 ἄκυρα,
787 3752 910 3837 μᾶλλον
934 3755 991 3838 μέν
1013 3749 1067 3818 οὑν
1091 3752 1302 3841 ἐκδηλότερον
1325 3757 1467 3820 νοείσθω
1489 3755 1537 3818 καί

275 3880 448 3967 δηλοόσθω
471 3879 524 3942 διὰ
548 3887 602 3940 τού
624 3879 781 3962 παρόντος
808 3879 1025 3962 στοιχήματος
1050 3881 1189 3942 καὶτῶν
1213 3880 1347 3964 τρεβιύν,
1384 3875 1434 3944 ὀτι
1458 3875 1537 3944 αὑτοὶ

274 4003 305 4070 οἱ
336 4013 473 4069 τοιοῦτοι
500 4001 664 4068 Βενέτικοι
694 4005 797 4066 πιστοί
823 4005 880 4065 καὶ
910 3997 1157 4088 ὑποτεταγμένοι
1186 4003 1232 4087 περ
1261 4003 1347 4089 κυρῲ
1378 4007 1471 4069 δουκὶ
1492 4003 1539 4066 καὶ

275 4131 319 4216 τῷ
346 4133 526 4214 κουμοονίῳ
555 4126 704 4196 Βενετίοις
735 4125 924 4211 δυνήσονται
950 4130 1007 4190 καί
1035 4125 1205 4212 ὀσχόσουσι
1236 4130 1383 4214 χρῆσθαι
1414 4141 1479 4201 τοῖς
1499 4128 1539 4190 δι-

275 4255 382 4328 καίοις
407 4249 509 4317 αὑτων
533 4247 612 4316 καθ’
636 4248 842 4335 οἱωνδήτινων
865 4248 1029 4336 Ῥωμαίων
1052 4261 1112 4314 των
1135 4249 1326 4340 ὀφειλόντων
1350 4250 1472 4332 αὑτοῖς,
1500 4249 1538 4320 οἷς

275 4382 314 4465 δή
339 4377 520 4448 Βενετίκοις
551 4377 607 4438 καί
636 4371 762 4456 ἑκάστῳ
798 4369 899 4437 αὑτῶν
922 4369 1013 4459 ἡμεῖς
1036 4378 1091 4438 καί
1114 4370 1134 4460 ἡ
1160 4377 1309 4459 βασιλεία
1338 4373 1430 4464 ήμῶν
1453 4379 1539 4460 ποιή-

276 4521 372 4588 σομεν
397 4502 453 4562 καί
478 4498 632 4577 γενέσθαι
663 4496 906 4582 διαπραξόμεθα
937 4495 1061 4560 δίκαιον
1092 4497 1340 4586 διευθετημένον
1372 4506 1430 4566 καί
1460 4503 1538 4566 ὀντε-

276 4626 340 4701 λές,
365 4619 407 4694 ὥς
430 4625 580 4706 πρότερον
603 4616 815 4706 ήνειχόμεθα,
840 4615 1001 4702 ἀκεραίως
1023 4623 1080 4684 καί
1103 4629 1155 4684 νύν
1179 4619 1360 4710 ὀφείλομεν,
1385 4629 1442 4690 καί
1465 4625 1539 4690 κατὰ

277 4749 331 4811 τόν
357 4741 468 4830 ὅμοιον
499 4745 612 4826 τρόπον
646 4741 676 4806 οἱ
705 4737 857 4827 ἡμέτεροι
886 4737 1036 4826 Ῥωμαῖοι
1070 4741 1258 4832 δυνήσονται
1293 4751 1349 4811 καί
1379 4747 1539 4834 ἰσχόσουσι
