3182 5264
1265 399 1310 466 37

130 591 281 676 Margo:
305 595 326 672 †
348 591 569 681 Κατεστριέδη
593 595 647 660 διὰ
670 603 725 660 τοῦ
750 593 890 680 Σγυυρυῦ
913 593 1047 682 Μιχαῆλ
1070 645 1077 659 .
1103 645 1110 658 .
1137 645 1142 658 .
1171 645 1177 659 .
1203 599 1222 673 †

127 714 391 804 ῆΚατεστρώδη
422 717 456 782 έν
486 717 530 805 τῷ
559 723 699 806 σεκρέτιρ
729 730 785 785 του
817 719 959 806 μεγάλου
989 721 1205 806 λυηαριαστοῦ
1236 724 1311 806 μηνί

58 837 124 925 μαΐιρ
146 839 205 904 ίνδ.
229 840 256 906 ι’.
281 845 311 921 †.

127 963 229 1043 ’ςδιὰ
253 974 308 1030 τοῦ
332 963 504 1052 Προματοδ
527 965 696 1052 Θεοδώρου
719 969 749 1046 †.

126 1093 146 1169 ί
169 1089 391 1178 Κατεστράεδη
416 1091 450 1156 λν
474 1089 517 1178 τῷ
539 1095 679 1177 σεκρέτιμ
699 1101 754 1158 τοῦ
776 1101 902 1173 χενικοῡ
924 1096 998 1179 μηνί
1021 1089 1105 1179 μαΐμ
1128 1092 1187 1158 ίνδ.
1214 1092 1231 1156 ι’
1255 1102 1311 1158 του

53 1215 97 1300 εί
118 1213 238 1299 [ἔτνος]
263 1219 292 1296 †·

126 1347 204 1419 Θήρ.
222 1357 306 1404 σακία
322 1349 409 1408 δοπεδ.
428 1349 530 1407 ίαδιτίί.
550 1347 746 1408 Taurinam.

350 1623 402 1690 vl.
419 1626 670 1706 (evol-1192)
686 1623 846 1692 novembri
862 1621 928 1692 ind.
945 1623 996 1690 xl.

50 1804 197 1877 ίοερεταται·
211 1807 349 1862 Ιεαααίιιτ
368 1810 498 1879 Δαρείου
519 1811 702 1882 conquritur
717 1808 751 1864 άε
772 1809 888 1880 rapina}
903 1827 922 1890 ρ
940 1807 1079 1862 &wilelmo
1094 1806 1206 1862 ὄπασσα
1221 1807 1308 1862 aliis·

50 1947 90 1999 ριι
113 1929 307 1986 lamam
337 1949 399 1986 ιιιεα
425 1951 488 1986 oum
514 1931 636 1987 Pisanis
658 1933 749 2005 sactis
776 1934 808 1986 ιἰι
833 1931 933 1988 τ’κετιία
951 1931 1062 2002 Rhodo,
1087 1933 1187 1986 τείίτιετ
1206 1949 1309 1987 marm

141 2053 333 2110 Ιαιτττατετίωικ
348 2056 540 2111 habitantium
555 2059 586 2112 εἰε
601 2056 682 2118 υνδε,
700 2057 842 2128 υείίίίίρωα
856 2056 963 2128 ίτραίοε
978 2055 1032 2110 luzo
1048 2055 1082 2110 ἅτ
1096 2072 1197 2112 eausa.

119 2211 139 2288 †
173 2208 337 2284 Ἰσαάκιος
372 2207 405 2276 ἐν
440 2209 566 2298 Χριστῷ
597 2208 642 2296 τῷ
674 2207 744 2296 θεῷ
776 2211 887 2282 πιστὸς
923 2207 1090 2292 βασιλεὺς,
1125 2209 1307 2296 δεοστερῆς

49 2330 124 2410 ἄναξ,
148 2337 321 2419 κραταιὸς,
345 2329 482 2421 ὑψηλάς,
511 2333 561 2400 ἀεὶ
590 2331 767 2414 αδκουστος
789 2337 847 2400 καί
871 2327 1078 2418 αὐτοκράτωρ
1101 2329 1265 2417 Ῥωμαίων
1289 2330 1306 2398 δ

47 2454 192 2536 Ἀγγελος
221 2469 285 2532 τοῖς
314 2463 541 2533 συνετωτάτοις
568 2457 776 2532 κουνσυιίλοις
807 2461 865 2523 καί
896 2460 1071 2542 σενοίτωρσι
1100 2461 1158 2523 καί
1185 2457 1308 2532 λοιποῖς

49 2580 192 2666 έκκρίτοις
217 2583 360 2656 λπυίκοις
384 2591 439 2648 τοῦ
463 2587 604 2669 κάοτρου
626 2581 767 2656 Γενοδας
790 2580 848 2648 καὶ
871 2581 914 2668 τιρ
935 2585 1114 2667 πιστοτάτῳ
1142 2592 1181 2669 τῆ
1211 2583 1307 2665 βασι-

48 2705 105 2789 λιίη
129 2729 192 2791 μου
220 2711 314 2774 παντί
343 2709 454 2774 τούτου
482 2709 672 2794 πληρώματι
699 2708 756 2794 τῆν
784 2711 880 2793 χάριν
909 2703 1007 2772 αὐτοῦ
1035 2711 1092 2774 καί
1120 2709 1155 2772 ιδ
1180 2705 1309 2786 ἀχαδδν

48 2831 172 2917 θέλημα.
202 2833 239 2896 τὸ
266 2835 338 2918 περί
372 2832 427 2919 τῆν
462 2830 541 2900 καθ’
571 2829 653 2920 δμάς
681 2836 790 2919 χώραν
822 2827 952 2917 εὐμενές
976 2840 1031 2917 τῆς
1057 2832 1222 2915 βασιλείας
1247 2853 1308 2917 μου

48 2957 92 3018 καί
116 2953 328 3035 ἀγαθοδελίς
356 2953 389 3034 ἐξ
417 2956 518 3043 ἔργον
548 2953 651 3022 αὐτῶν
679 2952 749 3044 ὑμῖν
775 2959 1001 3044 παρεστήσατο
1025 2954 1045 3043 ῆ
1071 2956 1222 3040 βασιλεία
1247 2977 1309 3041 μου

47 3075 75 3143 οδ
100 3083 196 3164 μδνον
219 3081 265 3155 είς
293 3083 349 3168 τῆν
376 3086 486 3168 χώραν
515 3077 622 3170 αὐτῆς,
648 3077 746 3155 αὖθις
765 3081 1012 3168 παραδεξαμένη
1036 3076 1118 3167 ὑμᾶς
1142 3083 1228 3167 παρὰ
1252 3091 1308 3146 τοῦ

48 3211 183 3291 τυράννου
212 3207 339 3272 ίκείνου
369 3203 575 3294 Ἀνδρονίκου
599 3207 857 3293 έκδιωχδέντας,
887 3203 972 3272 ἀλλὰ
1000 3210 1057 3272 καί
1085 3210 1124 3272 τὰ
1150 3207 1206 3272 διὰ
1229 3227 1308 3294 χρυ-

48 3333 216 3414 τοβοιίλλων
244 3343 306 3398 τῶν
335 3331 488 3419 ἀοιδίμων
519 3334 677 3417 βασιλέων
706 3331 763 3398 καὶ
785 3335 950 3417 προγόνων
975 3341 1029 3420 τῆς
1054 3332 1222 3416 βασιλείας
1247 3353 1308 3417 μου

47 3455 239 3542 δεδομημένα
263 3454 333 3543 δμίν
356 3458 468 3523 δίκαια
493 3455 526 3524 έν
550 3468 589 3544 τῆ
612 3455 837 3536 Μεγαλοπόλει
862 3452 958 3530 αὖθις
981 3451 1053 3542 ὑμίν
1074 3454 1308 3544 ἀποκαταστῆ-

48 3600 119 3644 τασα
152 3579 211 3646 καὶ
245 3577 340 3667 ἕτερα
366 3579 475 3668 πολλῷ
501 3582 599 3646 πλείω
627 3584 684 3646 καί
711 3584 808 3666 μείζω
837 3577 966 3646 ἐκείνων
988 3580 1201 3668 δωρησαμένη
1226 3578 1307 3668 ὑμῖν,

48 3698 81 3768 δν
100 3709 153 3772 καί
177 3703 212 3772 έν
236 3709 437 3794 κατασχέσει
464 3703 546 3788 ἐστέ,
571 3708 627 3771 καί
654 3707 740 3772 κατά
765 3725 801 3784 γε
825 3707 860 3770 τὸ
884 3713 939 3791 τῆς
963 3705 1131 3788 βασιλείας
1160 3727 1221 3790 μου
1249 3707 1309 3770 δέ·

48 3827 121 3914 λῆμα
154 3834 212 3895 καί
247 3825 314 3896 οὐδ’
349 3829 394 3904 εἰς
416 3829 548 3907 ,αἰῶνας
582 3825 677 3903 ὅλους
711 3839 767 3915 τῆς
796 3831 913 3895 τούτων
949 3839 1096 3916 κατοχῆς
1124 3833 1182 3896 καί
1209 3839 1308 3916 νομῆς

49 3965 185 4042 στερῆσαι
207 3951 289 4040 ὑμᾶς
313 3977 360 4030 τις
383 3956 564 4042 δονήσεται·
588 3962 740 4022 τοσοῦτον
763 3955 799 4020 δέ
823 3959 860 4022 τὸ
883 3957 1049 4044 φιλότιμον
1068 3961 1138 4042 περὶ
1154 3958 1210 4042 τῆν
1226 3950 1306 4022 καθ’

48 4073 114 4162 ὁρᾶς
135 4085 248 4168 χώραν
271 4079 493 4169 ίπιδειεαμένη
517 4077 536 4168 ἡ
562 4081 711 4166 βασιλεία
735 4101 796 4166 μου
817 4079 978 4161 ἀνάλογον
1003 4085 1059 4148 καί
1083 4081 1139 4167 τῆν
1164 4077 1196 4156 ἐξ
1219 4075 1307 4165 δρῶν

48 4200 180 4286 δουλείαν
213 4203 297 4283 ἕξειν
330 4206 528 4293 προσεδόκα,
563 4209 620 4272 καί
655 4205 698 4292 μῆ
734 4207 831 4292 μόνον
867 4207 909 4292 μῆ
942 4204 988 4279 εἰς
1018 4206 1189 4290 πολεμίους
1224 4201 1307 4289 ὑμᾶς

49 4322 188 4411 εὑρίσκειν
211 4334 269 4396 καί
291 4341 462 4419 σρορανείς
490 4331 633 4417 ίχδροδς
662 4327 824 4416 ἄντικρυς,
853 4327 938 4396 ἀλλὰ
961 4327 1018 4396 καὶ
1041 4331 1226 4415 συνερίθοις
1250 4331 1308 4394 καί

50 4459 223 4540 συμμάχους
250 4453 284 4520 έν
306 4465 403 4521 πᾶσιν
433 4451 479 4528 οίς
508 4451 547 4519 ἂν
569 4449 723 4541 εδρεδῆτε
751 4455 874 4531 τόποις,
904 4451 966 4520 εἴτε
989 4454 1215 4540 κατὰ·ξηρὰν,
1244 4451 1306 4518 εἴτε

50 4579 91 4638 καί
116 4581 201 4644 κατὰ
228 4579 408 4645 θάλατταν·
437 4580 473 4644 τὸ
500 4579 536 4644 δέ
561 4587 616 4644 νῦν
638 4579 787 4664 πραχθέν
810 4581 897 4664 παρά
920 4599 1004 4652 τινος
1026 4579 1138 4644 πλοίου
1162 4589 1305 4658 χεννουῐ-

50 4709 124 4766 τιεοῡ
153 4699 186 4770 έν
214 4714 254 4792 τῆ
282 4707 376 4791 χώρη
403 4713 460 4791 τῆς
484 4704 650 4788 βασιλείας
679 4723 754 4790 μου,
784 4697 821 4767 οὗ
849 4711 1014 4789 κατῆρχεν
1037 4699 1056 4768 δ
1080 4725 1112 4770 τε
1135 4701 1305 4790 Γιλιέλμος

50 4817 220 4911 ὁΓράσος,
248 4823 441 4904 Ῥαδουανός
469 4824 486 4894 ὁ
510 4828 705 4916 ναύκληρος,
735 4821 872 4894 δΒάκα
898 4823 1024 4924 Βυῖιβα,
1048 4824 1075 4892 δ·
1090 4826 1217 4914 ἁνεῆιδς
1247 4835 1304 4892 τοῦ
