3182 5264
197 257 265 316 Vlll

197 467 257 532 que
272 453 347 513 sunt
362 443 515 521 iuferius,
527 442 621 512 huius
637 442 773 512 duorum
785 441 969 513 solariorum
986 449 1150 524 eteorum,
1175 461 1237 529 que
1253 460 1364 512 versos
1379 438 1471 514 ocei-

195 568 321 638 dentem
350 567 448 636 huius
475 566 609 636 alienun
637 565 922 654 superointerornm
948 564 1055 632 infima
1082 563 1159 646 duo;
1186 571 1403 634 sustentantur
1433 570 1470 628 at

195 693 384 761 olauduntur
409 692 509 760 muris
527 691 667 778 integris
694 711 765 758 oum
785 691 881 758 fundo
904 711 1013 760 versus
1040 689 1237 758 oeoidentem
1258 688 1370 756 horum
1394 708 1467 756 oum

194 817 305 884 striata
321 815 440 884 euriola
456 814 614 902 quondam
630 823 662 882 et
677 815 745 886 eiua
758 815 911 884 existente
924 812 964 880 ad
978 813 1080 880 looum
1095 812 1219 900 ospioii,
1237 812 1467 883 oiroumolauso

193 949 225 1010 et
244 942 314 1028 ipso
336 950 413 1008 onm'
429 940 538 1008 striato
561 939 658 1006 fundo
682 939 798 1006 ouriole
822 960 878 1027 per
899 959 1002 1006 muros
1022 939 1163 1024 integros
1186 958 1258 1004 oum
1278 935 1467 1024 duplicibus
1501 979 1507 989 -

192 1065 339 1132 introitus
354 1063 454 1151 portis
466 1075 577 1132 versus
593 1063 837 1150 septentrionem
850 1082 920 1130 oum
935 1072 967 1130 et
982 1083 1018 1130 ex
1036 1063 1160 1130 duabus
1176 1061 1320 1150 partibus
1336 1062 1467 1132 niuen-

192 1189 277 1255 tibus
302 1187 439 1275 desuper
462 1186 657 1257 habentibus
683 1187 865 1254 huiusmodi
890 1185 1096 1266 habitaculis,
1121 1185 1271 1254 videlieet
1294 1185 1377 1266 eius,
1408 1185 1465 1272 qui

192 1317 240 1378 est
262 1331 372 1380 versus
392 1310 542 1378 orientem
564 1309 693 1376 duorum
715 1311 900 1378 solariorum
920 1331 977 1397 per
993 1310 1171 1377 eubieulum
1187 1329 1304 1390 eorum,
1331 1327 1393 1395 que
1414 1319 1468 1380 est

194 1455 303 1502 versus
326 1433 521 1504 ammentum
543 1433 651 1516 huius,
684 1433 814 1502 duorum
841 1433 1126 1520 superoinfororum
1151 1453 1209 1520 per
1234 1432 1335 1502 salam
1363 1441 1396 1503 et
1422 1433 1466 1500 ab

192 1556 387 1639 huiusmodi,
413 1558 466 1646 qui
490 1565 540 1630 est
559 1577 670 1628 rersus
689 1557 886 1628 occidentem
906 1557 1034 1626 strictus
1055 1556 1175 1624 fundus
1198 1557 1316 1626 ouriole
1340 1555 1470 1636 semitae

194 1689 320 1770 quaest
339 1701 448 1750 versus
470 1682 633 1764 orientem,
651 1680 826 1750 diuidentis
846 1680 922 1752 inde
937 1681 1068 1749 fundum
1084 1680 1198 1748 seoreti
1216 1679 1338 1750 Miralei
1354 1693 1469 1755 amaus

194 1815 315 1894 partem
331 1806 462 1874 orientis
478 1815 509 1872 et
523 1809 635 1876 uersus
650 1812 770 1892 partem
785 1803 961 1876 eeoidentis
976 1825 1077 1892 usque
1093 1803 1133 1872 ad
1149 1801 1341 1876 habitacula¹
1355 1825 1467 1872 mona·

195 1927 281 1996 sterii
304 1929 407 2017 Ypsili
427 1938 462 1996 'et
486 1949 597 1996 versus
617 1936 717 1996 ortum
737 1926 847 1996 horum
871 1927 1042 1996 secundum
1066 1935 1186 2015 partem
1209 1927 1316 1994 solarii
1341 1928 1470 1999 subitos

194 2053 460 2140 vigintiquinque
473 2060 504 2121 et
515 2051 650 2120 latitudo
663 2052 752 2133 ealle,
771 2051 824 2140 qui
841 2064 890 2120 est
905 2073 1016 2120 versus
1028 2052 1283 2140 septentrionem,
1300 2051 1469 2122 diuidtute

194 2177 308 2246 exinde
328 2175 512 2250 habitacula
534 2177 650 2247 Sanora
670 2177 838 2244 Dinameos
859 2185 891 2244 et
912 2196 1022 2244 uersus
1042 2177 1287 2264 septentrionem
1308 2195 1410 2264 nsque
1433 2185 1471 2246 et

195 2301 237 2368 ed
263 2320 384 2368 murum
412 2305 442 2366 et
467 2297 666 2366 latitudinem
692 2299 937 2387 preseriptorum
965 2298 1074 2366 decem
1095 2306 1126 2366 et
1146 2319 1257 2366 nouem
1279 2299 1469 2379 subitorum,

197 2433 349 2510 querunt
365 2423 405 2490 ab
422 2423 543 2490 embolo
560 2431 592 2490 et
606 2442 716 2490 reram
735 2421 896 2490 meridiem
913 2421 1010 2490 subiti
1026 2429 1096 2494 aeto
1117 2443 1188 2491 eum
1207 2423 1287 2489 muri
1307 2424 1469 2508 grossitu-

197 2549 340 2616 dimaon
360 2549 424 2616 alia
443 2555 533 2636 parte
556 2548 679 2630 semite,
704 2569 766 2634 que
787 2555 836 2616 est
854 2567 965 2616 versus
988 2548 1137 2616 orientem
1155 2555 1186 2614 et
1206 2567 1316 2616 uersus
1337 2559 1471 2636 septen-

195 2671 519 2752 trionem-domionis
535 2671 751 2759 supersinfera
765 2671 845 2752 tria,
859 2691 920 2758 que
936 2679 1009 2738 sunt
1025 2669 1172 2738 edificata
1188 2693 1207 2738 a
1222 2671 1362 2758 Georgia
1379 2674 1471 2760 Oopa

198 2793 423 2864 etseonndum
433 2794 647 2882 equalitatem
667 2793 808 2866 eiusdem
828 2794 939 2862 semite
955 2793 1109 2864 habentia
1123 2794 1353 2880 longitudinem
1369 2796 1470 2870 atine

200 2938 313 2997 eorum,
330 2939 393 3005 que
404 2925 478 2986 sunt
489 2919 530 2985 ab
543 2917 665 2986 embolo
677 2917 844 2987 duodeoim
856 2917 1031 2986 subitorum
1042 2916 1221 2984 latitudiuis
1237 2917 1326 2984 iuudi
1344 2917 1470 3005 pridem

200 3061 306 3109 eorum
326 3041 441 3110 emboli
461 3049 493 3108 at
513 3060 624 3108 versus
644 3040 887 3128 septentrionem
909 3039 1085 3108 cubitorum
1112 3040 1222 3108 desem
1248 3049 1280 3108 et
1302 3063 1414 3108 nouem
1439 3053 1476 3112 et

197 3165 332 3236 latitudo
350 3188 369 3232 a
384 3165 510 3250 semita,
532 3174 660 3254 quaest
676 3187 785 3234 versus
801 3173 916 3248 ortum,
937 3185 1037 3254 usque
1053 3165 1095 3232 ed
1111 3187 1193 3247 eam,
1216 3187 1277 3253 qno
1293 3173 1343 3236 est
1359 3189 1480 3240 versus.

200 3291 408 3374 oooidentem,
427 3311 495 3360 oum
511 3290 665 3376 grossioie
680 3291 760 3360 muri
777 3290 952 3360 subitorum
967 3297 1037 3360 osto
1053 3296 1085 3358 et
1105 3291 1242 3377 dimidij,
1267 3291 1353 3379 quod
1376 3293 1475 3366 situm

201 3425 251 3484 est
270 3415 352 3484 iuter
371 3415 451 3483 duas
466 3415 604 3484 semitas
623 3415 665 3484 ad
680 3415 874 3484 oeeideutem
891 3414 1002 3502 partis,
1027 3435 1088 3501 que
1108 3419 1158 3482 est
1177 3435 1287 3482 versure
1307 3417 1475 3486 meridiem

202 3537 318 3608 emboli
333 3547 366 3606 et
383 3538 578 3626 pertiueuoie
600 3537 724 3613 horum,
748 3539 813 3606 alia
835 3537 1017 3610 habitacula
1031 3537 1212 3608 manasterii
1235 3539 1475 3628 Arehistratigi‚

202 3663 352 3732 videlieet
367 3661 495 3733 Patrioii
512 3661 683 3732 Theodosii
706 3663 921 3754 euperoinfera
936 3683 993 3728 rur.
1010 3669 1215 3732 hansmutata
1231 3664 1272 3730 ab
1288 3683 1336 3742 eo,
1354 3664 1407 3750 qui
1426 3675 1476 3760 te-

202 3787 298 3856 nebat
313 3787 347 3854 in
359 3785 519 3854 domicilia
535 3788 595 3855 tria
607 3787 759 3856 habentia
774 3785 1003 3874 longitudinem
1019 3806 1038 3852 a
1053 3791 1143 3873 parte
1158 3783 1276 3869 horum,
1295 3787 1349 3874 qui
1366 3797 1419 3857 est
1430 3789 1477 3862 ad

203 3921 304 3980 ortum
320 3919 352 3979 ot
367 3932 513 3980 oeoasum
535 3931 635 3999 usque
649 3912 691 3980 ad
714 3911 874 4000 puplicam
890 3910 1032 3978 semitam
1048 3906 1254 3992 diuidentem,
1279 3931 1340 3998 qus
1356 3934 1479 3990 senune,

203 4033 278 4104 dum
294 4037 497 4123 equalitatem
513 4044 545 4104 et
564 4057 672 4106 versus
688 4009 849 4104 meridiem
866 4035 979 4106 emboli
996 4033 1060 4100 alia
1080 4033 1241 4104 domicilia
1257 4036 1477 4123 Apologothe-

203 4167 265 4238 tou,
283 4179 343 4246 que
359 4169 433 4227 sunt
447 4160 528 4228 inter
543 4159 644 4248 ipsam
660 4160 802 4228 semitam
819 4171 850 4226 ot
866 4157 953 4224 euris
969 4157 1151 4225 Pisauorum
1168 4158 1345 4226 cubitorum
1358 4161 1479 4248 viginti

205 4301 273 4348 eum
289 4297 350 4350 uno
371 4293 403 4349 et
421 4281 556 4351 latitudo
576 4303 596 4350 a
616 4282 738 4352 comuni
760 4281 883 4350 embolo
905 4289 936 4348 et
951 4301 1060 4348 versus
1076 4280 1239 4348 meridiem
1260 4303 1330 4350 oum
1346 4283 1476 4357 duobus

205 4403 326 4489 grossis
346 4405 443 4473 muris
463 4405 637 4475 subitorum
653 4415 732 4476 uoto.
750 4426 860 4474 versus
873 4404 1035 4478 meridient
1051 4404 1207 4472 eiusmodi
1222 4405 1477 4482 habitaculorum

206 4550 223 4596 a
240 4537 329 4616 parte
344 4529 473 4599 orientis
485 4539 516 4598 at
527 4552 637 4600 versus
654 4531 849 4600 ooeidoutom
861 4550 961 4617 usque
976 4529 1019 4597 ad
1030 4529 1155 4600 subitos
1171 4531 1338 4600 duodecim
1353 4533 1479 4610 habent

206 4651 357 4720 eiusmodi
374 4651 556 4720 habitacula
572 4655 720 4722 solarium
738 4673 845 4722 tersus
862 4653 978 4721 suriam
994 4652 1173 4722 latitudinis
1193 4654 1368 4726 oubotirum
1392 4655 1475 4733 duo·‚
