3182 5264
1348 345 1398 416 ill

126 545 221 614 drum
232 545 416 616 deauratum
428 547 461 614 in
477 547 558 614 duas
572 555 694 638 partes,
712 556 854 616 sanctum
868 547 1016 628 tribuual,
1032 547 1279 634 pauimentutum
1295 545 1336 614 de
1351 547 1400 612 al·

123 669 253 738 ridibus
279 671 312 737 in
336 671 462 738 modum
484 671 597 740 crucis
618 679 761 740 sanctum
784 673 884 740 altare
905 689 1109 738 marmoreum
1128 669 1240 738 subtili
1262 689 1326 738 uua
1348 689 1401 736 co·

123 794 258 882 lumpna
275 803 484 864 sustentatum
506 803 537 863 et
557 796 693 884 desuper
707 795 810 864 uelum
825 795 858 862 in
874 794 982 883 specie
1003 793 1142 862 cubiculi
1157 799 1364 860 sustentatum
1380 811 1401 860 a

123 927 278 1006 quattuor
292 920 469 1008 columpnis
481 919 654 988 subtilibus
670 929 702 988 et
716 919 892 988 fornicibus
905 926 1065 1008 quattuor3
1081 937 1193 986 versas
1208 917 1400 1006 septentrio·

122 1063 198 1110 uem
213 1042 308 1111 buius
324 1045 445 1131 tropica
460 1045 697 1130 monsagularis
712 1043 840 1132 depicta
863 1063 960 1132 supra
976 1063 1107 1131 pamuos
1123 1043 1194 1111 sine
1208 1043 1399 1130 pauimento,

122 1189 192 1255 quo
205 1175 349 1257 portatur
362 1169 473 1249 muris,
498 1168 665 1256 columpna
680 1187 744 1235 una
758 1189 828 1236 cum
844 1167 1019 1236 fornicibus
1034 1176 1066 1236 et
1085 1167 1300 1256 pectoralibus
1317 1167 1399 1236 duc·

122 1293 189 1360 bus
201 1311 271 1360 sum
286 1293 386 1382 portis
407 1292 591 1360 cancellatis
608 1301 639 1359 et
653 1293 802 1360 fenestris
821 1299 853 1360 et
872 1301 984 1360 sancte
1004 1313 1114 1360 mansa
1133 1311 1205 1360 oum
1224 1292 1401 1380 columpnis

121 1421 288 1502 quattuor,
312 1415 429 1503 ligneis
453 1415 551 1482 muris
566 1425 598 1484 ct
612 1415 763 1484 tribunali
780 1413 917 1504 depictis
932 1415 1128 1504 simpliciter.
1145 1415 1283 1484 tribunal
1295 1423 1399 1484 autem

120 1545 179 1606 est
198 1537 446 1626 nocimentorum
461 1538 563 1606 solum
579 1559 648 1607 cnm
664 1539 869 1608 marmoribus
889 1539 972 1606 albis
988 1539 1057 1606 siue
1072 1540 1228 1606 clausura.
1244 1539 1285 1608 ad
1305 1539 1400 1608 meri-

122 1661 214 1729 diem
232 1660 329 1729 buius
349 1662 415 1730 alia
429 1664 551 1750 tropica
570 1661 664 1730 unius
687 1663 795 1748 anguli
819 1659 948 1750 depicta
969 1681 1069 1750 supra
1092 1681 1237 1750 pannos,
1263 1662 1399 1730 circum-

121 1795 220 1874 septo
239 1786 390 1856 tribunali
410 1805 469 1876 par
487 1786 622 1854 subtiles
643 1783 827 1875 columpnas
847 1783 927 1854 dues
948 1783 1151 1872 rothinginas
1166 1795 1200 1854 et
1214 1785 1400 1874 columpnas

120 1909 211 1976 duas
226 1909 372 1978 cartinas
393 1917 425 1977 et
439 1910 549 1999 paruis
564 1909 779 1998 pectoralibus
794 1917 942 1997 quattuor
957 1929 1026 1976 cum
1042 1908 1198 1977 cuniculis
1219 1915 1251 1976 et
1269 1909 1399 1977 coemite

119 2053 306 2102 mamerco.
324 2041 355 2101 et
370 2043 480 2101 sancta
495 2053 605 2101 meuse
621 2039 816 2102 sementatnr
831 2032 919 2100 breui
932 2031 1106 2121 columpna,
1123 2039 1156 2099 ct
1170 2041 1219 2102 est
1233 2033 1400 2121 pauimen-

120 2163 197 2224 tata
211 2157 415 2224 marmoribus
435 2156 517 2224 albis
533 2156 656 2224 habeus
676 2155 885 2224 rotunditates
901 2155 942 2222 de
958 2155 1117 2224 coloribus
1132 2165 1163 2226 et
1178 2155 1348 2230 incisione,
1364 2156 1397 2224 iu

120 2281 202 2370 ipsa
222 2289 252 2348 et
271 2287 380 2368 postes
399 2289 465 2348 tres
487 2299 557 2347 oum
577 2279 669 2349 ostiis
692 2279 876 2368 duplicibus
897 2278 1022 2348 duobus
1038 2289 1070 2348 st
1084 2299 1145 2348 uuo
1161 2279 1309 2348 concluso
1324 2301 1400 2368 por-

120 2409 217 2470 tante
243 2403 381 2491 desuper
406 2403 547 2470 istoriam
574 2411 684 2470 sancte
711 2403 768 2470 Dei
796 2401 975 2490 genitricis,
1003 2403 1037 2470 in
1059 2423 1155 2490 quam
1178 2403 1397 2472 ceroferarium

120 2545 241 2596 eneam
261 2526 427 2594 rotundum
449 2545 519 2594 cnm
542 2527 687 2596 manibus
708 2525 833 2595 duabus
854 2535 885 2594 et
905 2527 1120 2594 instrumentis
1140 2535 1211 2595 octo
1227 2525 1269 2594 ad
1290 2545 1401 2596 cereos

118 2651 273 2739 ligandos
290 2659 324 2718 at
346 2651 489 2719 sessione
503 2651 662 2741 lampadis
678 2659 710 2720 et
725 2651 864 2739 desuper
877 2651 998 2720 fornice
1009 2652 1131 2740 gipsae
1149 2651 1287 2722 tribuual
1303 2651 1399 2720 buius

119 2795 187 2864 per
198 2775 334 2842 munium
345 2793 474 2842 aureum
489 2785 521 2843 et
536 2773 577 2842 de
593 2775 764 2857 coloribus3
781 2795 892 2844 uersus
906 2775 1069 2844 meridiem
1083 2774 1178 2843 buius
1193 2775 1324 2863 laquear
1336 2776 1400 2842 sub

119 2898 230 2967 tribus
244 2898 416 2967 subtilibus
427 2899 567 2980 calamis,
584 2899 731 2967 cuniculo
743 2919 805 2966 uno
821 2907 854 2966 et
867 2899 969 2986 righia
985 2899 1125 2987 quinque
1141 2907 1173 2968 et
1184 2901 1398 2990 pauimentum

120 3023 171 3090 ds
191 3023 397 3090 marmoribus
417 3023 501 3090 albis
521 3029 553 3090 et
571 3023 686 3091 rubris.
706 3024 790 3092 iacet
805 3041 902 3112 super
916 3023 1022 3112 ipsum
1039 3023 1171 3112 laquear
1194 3033 1225 3092 et
1239 3025 1400 3112 pectorale

118 3165 338 3224 mamercum
348 3144 468 3234 pendet
480 3154 584 3215 autem
595 3145 749 3228 ettabula,
763 3147 978 3236 quapulsatur
988 3146 1030 3215 ad
1042 3147 1189 3216 officinm.
1203 3147 1397 3216 muccosum

122 3269 263 3338 eeclesia
281 3269 403 3358 tropica
423 3270 554 3358 duplex,
579 3291 641 3359 que
661 3271 833 3340 sustinetur
855 3271 953 3338 muris
968 3281 1000 3340 et
1014 3271 1190 3361 columpnis
1207 3291 1277 3340 cum
1291 3271 1395 3360 postl-

123 3399 188 3462 bus
203 3403 274 3464 octo
290 3403 322 3462 et
336 3395 545 3482 leptccalamo
562 3416 633 3477 uuo,
651 3395 865 3484 pauimentum
877 3415 949 3463 vero
964 3395 1035 3464 sine
1045 3395 1250 3464 marmoribus
1263 3397 1398 3464 ιὶιιιιιιιι-

122 3529 251 3608 septum
266 3539 377 3588 versus
396 3519 641 3608 septentrionem
656 3520 756 3587 muris
774 3527 921 3608 quattuor
936 3529 969 3588 et
982 3519 1112 3588 fmstris
1127 3519 1237 3588 decem
1253 3529 1285 3588 at
1304 3529 1397 3610 poste

124 3663 189 3711 uuo
208 3663 320 3711 versus
342 3663 497 3712 nocuum.
522 3644 564 3712 ad
587 3643 832 3732 septentrionem
855 3642 951 3712 buius
970 3653 1002 3712 et
1020 3663 1131 3712 varam
1150 3663 1297 3714 occasum
1316 3644 1396 3722 eiua,

129 3786 193 3854 que
212 3787 232 3834 a
251 3767 467 3856 septentrione
487 3768 580 3834 unius
600 3769 709 3855 auguli
728 3766 849 3856 tropice
868 3767 978 3836 lateris
1001 3768 1149 3836 solarium
1164 3787 1222 3857 per
1235 3765 1398 3856 laquearia

124 3897 273 3977 quattuor
288 3899 322 3957 et
336 3889 515 3958 cubiculum
534 3910 630 3958 uuum
646 3898 679 3958 et
697 3889 739 3959 ad
759 3891 1004 3979 septentrionem
1024 3891 1166 3958 eiusdem
1188 3889 1325 3959 cubiculi
1344 3909 1398 3957 so-

123 4013 239 4080 larium
254 4013 316 4081 snb
332 4014 475 4102 laqueari
490 4023 700 4082 sustentatum
715 4033 735 4081 a
749 4013 967 4103 leptocalamis
983 4021 1104 4103 septem
1120 4023 1153 4082 et
1168 4013 1241 4080 aliis
1256 4013 1398 4102 leptoca·

124 4135 219 4204 lamia
234 4137 362 4205 duobus
375 4157 488 4206 uersus
502 4139 655 4226 tropicam
670 4137 792 4213 lamnia.
809 4147 900 4227 posta
916 4159 992 4220 uuo,
1017 4137 1132 4206 erectis
1148 4137 1300 4206 concedis
1316 4137 1397 4206 duo

124 4264 188 4330 bns
201 4271 234 4330 et
248 4283 325 4351 sepe
340 4281 397 4351 per
413 4283 533 4352 paneas
547 4263 687 4345 tabulas,
710 4265 932 4351 pauimentatis
947 4265 1092 4332 omnibus
1107 4271 1212 4351 preter
1226 4263 1396 4352 laquearis,

123 4385 275 4453 solariam
290 4385 331 4453 de
347 4385 556 4453 marmoribus
575 4386 744 4454 albiacum
765 4387 1023 4455 circumferentiis
1043 4387 1077 4454 io
1096 4385 1222 4454 modum
1243 4387 1345 4454 crucis
1366 4399 1398 4455 et

123 4509 287 4598 quassatis
301 4510 407 4578 rubris
423 4517 455 4578 et
469 4510 661 4598 anagemisti
675 4511 785 4600 pauci,
803 4511 895 4578 ouius
910 4521 942 4579 et
961 4511 1073 4580 vithiui
1094 4511 1251 4580 deiectius
1271 4512 1312 4580 de
1333 4533 1395 4580 om·

123 4633 229 4701 nibus.
245 4633 287 4700 ad
303 4652 449 4702 cosmum
465 4633 618 4702 eiusmodi
634 4634 741 4704 solarii
758 4641 790 4702 et
811 4635 932 4723 tropice
946 4635 1113 4704 rotondum
1131 4645 1280 4723 augutam
1296 4636 1395 4704 tribu-

128 4759 257 4828 nalibus
276 4760 402 4842 scissis,
427 4767 634 4828 sustentatum
654 4761 750 4830 muria
766 4767 799 4828 ct
814 4759 986 4830 subtilibus
1002 4762 1176 4850 columpnis
1195 4769 1341 4849 quattuor
1365 4769 1396 4828 et
