3148 5268
248 369 312 432 142

248 559 278 626 εἴ
297 581 379 635 τινες
403 558 466 626 εἶεν
491 559 645 648 ἔγγραφοι
669 561 886 646 συμβιβάσεις,
912 563 1088 648 συμφωνίαι
1110 561 1165 622 καὶ
1189 559 1383 644 στιχήματα,
1406 551 1450 621 ὧν
1473 565 1516 640 τῇ

247 685 380 771 δυνάμει
415 689 495 758 τινές
528 694 588 750 τῶν
623 680 879 770 ὑποτεταγμένων
906 679 980 770 ήμῖν
1014 686 1070 748 καί
1098 693 1136 768 πή
1169 681 1316 765 βασιλεία
1349 677 1517 766 Ῥωμαίων

247 805 408 896 ἡμετέρων
434 818 551 874 πιστῶν
585 805 765 897 ὀφείλοντες
792 811 848 874 καί
872 805 1056 894 ἀνεχόμενοι
1078 811 1140 870 τισί
1164 815 1223 870 τῶν
1247 804 1423 872 Βενετίκων
1448 813 1517 876 τοῖς

248 930 510 1020 ὑποτεταγμένοις
536 936 592 996 καί
619 944 739 1006 πιστοῖς
767 932 809 1014 τῷ
834 929 919 1018 κυρῲ
943 931 1034 996 δουκί
1061 934 1117 994 καί
1144 929 1187 1015 τῷ
1210 933 1389 1014 κουμουνίιρ
1415 927 1519 994 Βενε-

247 1061 331 1134 τίας,
365 1054 385 1144 ή
414 1058 449 1121 τό
484 1055 655 1134 ἀνάπαλιν,
691 1053 802 1130 οίτινες
829 1053 992 1122 Βενέτικοι
1020 1051 1220 1140 ὑποκείμεναι
1253 1057 1309 1118 καί
1341 1054 1446 1116 πιστοί
1469 1049 1517 1134 τῷ

246 1180 332 1268 κυριρ
367 1181 459 1246 δουκί
495 1185 552 1246 καί
590 1179 632 1266 τῷ
670 1184 859 1266 κουμουνίου
902 1179 1049 1252 Βενετίας
1087 1175 1249 1266 ὀφείλουσι
1286 1179 1345 1256 καί,
1380 1173 1517 1260 ἐνέχον-

247 1327 299 1368 ται
333 1301 501 1391 Ῥωμαίοις
536 1307 613 1368 τισίν
645 1299 909 1390 ὑποτεταγμένοις
942 1299 1013 1368 καί
1031 1313 1150 1374 πιστοῖς
1187 1297 1260 1387 ἡμῖν
1287 1303 1343 1362 καί
1380 1309 1419 1384 τῇ
1451 1299 1518 1381 βα-

248 1427 352 1512 σιλεία
381 1424 487 1515 ήμῶν,
521 1427 576 1492 διὰ
606 1435 705 1492 ταῦτα
732 1430 789 1501 τὰς
812 1427 959 1498 τοιαὺτας
983 1429 1164 1513 συμφωνίας
1188 1421 1323 1508 ἀκὺρους
1350 1425 1407 1486 καί
1436 1419 1520 1484 ἀνα-

247 1555 479 1638 τετραμμένος,
514 1552 636 1638 μᾶλλον
670 1556 726 1638 μέν
761 1548 815 1617 οὑν
845 1549 1053 1638 ἐκδηλότερον
1088 1550 1226 1616 νοείσθω
1257 1549 1312 1612 διὰ
1340 1558 1400 1612 τῶν
1428 1546 1521 1632 είρη-

249 1680 349 1762 μένων
382 1677 499 1763 τρεβῶν
534 1681 590 1742 καί
624 1685 684 1740 τῶν
719 1687 904 1766 συμφωνιῶν
935 1674 1008 1748 τούς
1038 1675 1198 1746 τοιούτους
1224 1671 1410 1744 Βενετίκους
1440 1670 1519 1740 τοὺς

246 1801 376 1874 τιστοὺς
418 1805 474 1866 καί
517 1796 784 1887 ὑποτεταγμένους
826 1799 869 1885 τῷ
907 1797 991 1886 κυρηό
1028 1799 1120 1864 δουκί
1161 1801 1217 1864 καί
1258 1795 1301 1881 τῷ
1336 1800 1518 1880 κουμουνίῳ

246 1923 394 1997 Βενετίας
429 1924 589 1989 δύνασθαι
622 1922 678 1990 καὶ
710 1921 831 2010 ὀσχὺειν
866 1924 1013 2010 χρῆσθαι
1045 1933 1109 1994 τοῖς
1143 1921 1280 1994 δικαίοις
1306 1916 1407 1984 αὑτῶν
1435 1915 1519 1982 καθ’

249 2047 440 2136 οίωνδήτοτε
477 2045 640 2134 Ῥωμαίων
677 2057 737 2112 τῶν
771 2045 959 2134 ὀφειλόντων
998 2042 1117 2122 αὐτοῖς,
1157 2043 1202 2118 οἷς
1239 2041 1421 2114 Βενετίκοις
1459 2046 1520 2106 καί

248 2171 374 2259 έκοίστρ
410 2168 512 2238 αότῶν
538 2168 629 2259 ήμεῖς
657 2175 713 2236 καί
740 2167 760 2259 ή
789 2157 938 2255 βοῖσιλεία
965 2167 1055 2256 ήμῶν
1081 2171 1257 2256 ποιήσομεν
1281 2171 1337 2232 καί
1360 2167 1521 2246 γενέσθαι

247 2297 421 2382 ποιήσομεν
448 2295 574 2362 δίκαιον
598 2296 750 2380 σύντομον
773 2298 829 2358 καί
857 2291 994 2371 έντελὲς,
1022 2290 1064 2366 ῶς
1087 2293 1314 2379 καὶπρότερον
1338 2287 1520 2375 ὠφείλομεν

249 2425 304 2486 καί
332 2429 384 2485 νῦν
420 2419 599 2508 ὀφείλομεν·
634 2423 719 2486 κατὰ
746 2421 799 2484 τόν
834 2415 943 2506 δμοιον
978 2422 1092 2505 τρόπον
1123 2417 1152 2482 οί
1181 2413 1333 2504 ἡμέτεροι
1366 2413 1522 2500 Ῥωμαῖοι

250 2547 438 2632 δυνήσονται
460 2549 516 2610 καί
538 2543 707 2630 ὶσχὺσουσι
731 2545 876 2630 χρῆσθαι
904 2555 968 2616 τοῖς
990 2543 1127 2616 δικαίοις
1155 2536 1257 2606 αὑτῶν
1283 2543 1519 2605 κατὰπάντων

250 2679 309 2736 τῶν
338 2667 512 2735 Βενετίκων
547 2679 607 2734 τῶν
641 2666 829 2758 ὀφειλόντων
860 2662 981 2744 αὑτοῖς,
1016 2665 1063 2740 οίς
1090 2664 1259 2753 Ῥωμαίοις
1283 2663 1300 2730 ὀ
1323 2675 1411 2752 κῶρις
1440 2665 1522 2738 δσδξ

230 2797 306 2890 ,καί
329 2795 364 2858 τό
387 2795 575 2879 κουμοὺνιον
599 2791 759 2871 Βενετίας,
794 2790 812 2858 ὀ
836 2815 868 2858 τε
892 2793 1066 2878 μταῖοῶλος
1093 2795 1150 2856 καί
1174 2789 1203 2856 οί
1227 2787 1424 2880 ὀφφικιάλιοι
1461 2798 1521 2853 τοῦ

249 2927 346 3005 αοροῶ
373 2918 491 2992 δουκός
519 2921 575 2982 καί
601 2925 656 2982 του
690 2921 879 3004 κουμουνίου
907 2915 1056 2989 Βενετίας
1083 2924 1248 3003 πανταχοῖ)
1278 2917 1522 2999 καθιστάμενοι

249 3045 419 3129 ποιήσουσι
442 3041 566 3106 δίκαιον
590 3039 713 3114 ἐντελές
733 3045 789 3106 καί
809 3042 973 3128 σὺντομον,
997 3037 1101 3125 ῶσπερ
1123 3043 1179 3104 καί
1202 3043 1354 3126 πρότερον
1377 3035 1538 3126 ὤφειλον,

249 3168 306 3230 καί
334 3163 510 3255 ὀφείλουσι,
544 3167 629 3230 κατὰ
658 3166 693 3229 τό
718 3161 882 3250 ἀκέραιον,
919 3167 1104 3250 σωζομένων
1128 3168 1184 3228 καί
1208 3167 1405 3250 τηρουμένων
1433 3165 1521 3225 ποίν-

250 3311 309 3358 των
333 3295 389 3355 καί
412 3289 555 3365 έκρίστων
584 3299 643 3355 τῶν
665 3290 928 3380 παραφυλάξεων,
957 3293 1201 3366 καταστάσεων,
1230 3283 1434 3374 ὑποσχέσεων
1459 3289 1521 3350 καί

250 3413 439 3503 ἐξηγήσεων,
474 3413 558 3478 εἴτε
591 3417 661 3499 περί
688 3423 748 3480 τῶν
777 3418 897 3504 ζημιῶν
931 3423 991 3478 τῶν
1026 3413 1068 3499 μή
1098 3414 1282 3499 ταχθεισῶν
1308 3413 1365 3476 καί
1393 3405 1521 3494 ὀνομα-

250 3541 403 3618 σθεισῶν,
433 3539 512 3625 μήτε
534 3535 622 3610 ἰδίως
647 3531 807 3624 ῥηθεισῶν
830 3541 886 3602 καί
909 3546 969 3602 τῶν
1000 3534 1105 3601 ἄλλων
1136 3545 1195 3600 τῶν
1227 3533 1371 3620 ἀνωτέρω
1395 3529 1521 3618 ὀνομα-

252 3665 407 3744 σθέντων,
432 3662 470 3736 δς
490 3663 533 3749 μή
557 3660 695 3728 νοείσθω
719 3661 752 3727 έν
775 3681 834 3726 τινι
857 3657 1072 3728 ἐλαττοῦσθαι
1094 3663 1251 3749 προφάσει
1274 3667 1329 3744 τής
1351 3659 1522 3744 παροὺσης

250 3787 363 3874 τρέβας
385 3783 406 3873 ή
430 3793 485 3872 τῆς
509 3783 653 3873 ἀφέσεως
676 3795 735 3849 τῶν
760 3783 903 3862 ἀδικιῶν,
932 3794 992 3850 τῶν
1015 3786 1269 3870 προσκομμάτων
1292 3785 1349 3846 καί
1372 3791 1432 3846 τῶν
1459 3785 1523 3868 ζη-

251 3921 340 3999 μιῶν,
364 3906 443 3996 ἅπερ
461 3911 589 3992 [πάντα]
606 3911 662 3973 καί
677 3906 800 3974 έκαστα
823 3917 883 3972 τῶν
908 3904 1194 3993 ἀναγεγραμμένων
1209 3902 1300 3993 ἡμεῖς
1323 3905 1341 3970 ὀ
1365 3905 1522 3989 βασιλεὺς

249 4039 306 4100 καί
333 4029 353 4122 ή
379 4035 526 4120 βασιλεία
553 4031 642 4121 ήμῶν
673 4029 749 4118 ὑπέρ
777 4029 866 4120 ήμῶν
895 4027 1009 4110 αὑτῶν,
1039 4039 1111 4096 τῶν·
1126 4031 1332 4116 κληρονόμων
1359 4033 1416 4093 καί
1444 4029 1523 4092 δια-

250 4159 356 4246 δόχων
377 4155 467 4246 ἡμῶν
491 4155 535 4230 εἰς
558 4160 598 4222 τὰ
621 4153 699 4236 ἅγια
726 4163 781 4220 τοῦ
803 4157 884 4220 θεοῦ
912 4151 1085 4234 εόαγγέλια
1107 4157 1162 4218 καί
1186 4151 1231 4226 είς
1254 4155 1307 4218 τὸν
1335 4149 1435 4238 τίμιον
1460 4156 1524 4216 καί

252 4286 406 4359 ζωοποιδν
430 4284 563 4368 σταυρόν
586 4284 642 4346 καί
666 4279 712 4355 εὶς
735 4281 790 4367 τήν
814 4280 917 4366 ψυχήν
937 4274 1037 4366 ήμῶν,
1061 4274 1219 4364 ἁψάμενοι
1242 4287 1301 4342 τῶν
1326 4275 1415 4363 ἱερῶν
1439 4297 1525 4362 γρα-

252 4420 333 4498 φῶν,
357 4407 406 4474 ἀτί
428 4411 586 4496 παρουσία
608 4415 663 4470 τοιῖ
691 4400 846 4492 ῥηθέντος
877 4409 974 4490 κοροῶ
998 4399 1251 4488 ἀποκρισιαρίου,
1287 4401 1436 4466 συνδίκου
1459 4406 1524 4466 καί

252 4534 428 4621 ἐπιτρόπου,
451 4531 569 4620 ὁμοίως
592 4531 628 4596 δέ
651 4533 708 4595 καί
732 4525 827 4604 αὑτός
850 4527 867 4593 ό
891 4537 980 4615 κῶρις
1004 4525 1258 4614 ἀποκρισιάριος,
1289 4526 1437 4598 σὺνδικος
1460 4531 1524 4590 καί

252 4656 415 4746 ἐπίτροπος
449 4657 581 4746 ὀνόματι
604 4663 659 4722 του
686 4663 783 4742 κυροῖ
811 4655 928 4727 δοοκδς
955 4655 1012 4718 καί
1040 4660 1094 4717 τοιῖ
1129 4656 1319 4738 κουμουνίου
1353 4649 1523 4726 Βενετίας,

253 4780 414 4872 ἁψάμενος
448 4793 508 4849 τῶν
531 4779 634 4848 αότῶν
669 4777 760 4864 ἱερῶν
794 4786 932 4866 γραφῶν,
966 4774 1074 4863 ὀμνὺει
1108 4773 1153 4849 εἰς
1181 4779 1219 4841 τὰ
1249 4772 1325 4855 ἅγια
1356 4783 1411 4840 τοῦ
1435 4776 1524 4839 θεοῦ
