3148 5268
1299 327 1339 396 71

75 525 202 608 δυνάμει
226 523 364 610 Χριστοῦ
393 535 448 590 τοῦ
476 529 556 591 θεοῦ
584 523 688 614 ἡμῶν,
719 535 773 591 τοῦ
798 528 853 612 την
876 523 1033 613 ἡμετέραν
1061 513 1223 602 διέποντος
1249 530 1344 613 βασι-

75 649 169 716 λείαν,
208 650 403 734 κινούμενοι,
438 651 673 738 καθιδρυμένοι
703 651 739 716 δέ
768 651 811 738 ιη’)
837 651 977 738 διαπύρῳ
1006 653 1092 740 ζηλιρ
1120 662 1175 740 της
1209 657 1344 726 πίστιος

74 771 166 860 ημῶν,
191 774 367 858 βασιλικῶς
390 797 423 838 τε
447 781 503 840 καί
527 785 761 860 στρατιωτικῶς
785 779 842 850 τὰς
865 775 1036 863 φάλαγγας
1060 781 1115 840 καί
1132 776 1343 863 λοχαγωγούς

73 899 289 977 διατάξαντες,
325 903 506 987 προθυμίαν
530 901 565 966 δέ
590 901 743 984 λαβόντος
766 899 800 976 έξ
822 895 934 987 ύύοος,
970 897 1013 974 ώς
1037 897 1112 986 ὑπὲρ
1136 911 1191 967 τοῦ
1215 902 1344 966 δικαίου

73 1027 122 1086 καὶ
148 1025 238 1108 [τῶν]
263 1034 380 1090 πιστῶν
404 1035 459 1112 της
484 1027 650 1109 βασιλείας
674 1021 763 1113 ἡμῶν
790 1029 875 1090 κατὰ
899 1035 958 1120 τῶν
983 1022 1102 1092 ἀδίκων
1126 1029 1182 1090 καί
1206 1023 1344 1119 ἀπίστων

72 1145 105 1232 ᾖν
129 1145 146 1212 ύ
170 1149 321 1233 πόλεμος,
346 1147 478 1236 ἄραντες
503 1153 542 1213 τά
566 1153 782 1238 τροπαιοφύρα
804 1153 859 1213 καί
883 1146 1001 1238 εύτυχη
1027 1159 1171 1236 σκῆπτρα
1199 1159 1254 1238 τῆς
1283 1153 1344 1236 βα·

72 1273 189 1346 σιλείας
216 1269 306 1359 ἡμῶν
334 1279 390 1338 καί
419 1277 471 1338 τῦν
500 1283 554 1338 τοῦ
584 1271 739 1360 ὀνόματος
767 1271 856 1362 ἡμῶν
884 1269 1082 1362 εὐφημισμὸν
1115 1271 1343 1354 ἀλαλάξαντες,

72 1400 153 1460 κατὰ
179 1408 241 1461 τῶν
276 1396 414 1462 ἀπίστων
444 1396 473 1461 οί
500 1401 604 1462 πιστοί
632 1394 791 1472 εὐτάκτως
825 1402 880 1462 καί
916 1399 1148 1485 μεγαλοψύχως
1184 1397 1342 1486 ἐφέροντο.

72 1519 251 1608 ἀγχίμαχοι
274 1523 311 1586 δὲ
336 1526 503 1602 γεγονότες
527 1521 584 1586 καί
607 1521 656 1587 έπί
680 1523 812 1596 πολλοῖς
836 1535 904 1594 ταῖς
928 1519 1024 1608 ώραις
1048 1520 1272 1608 ἀνδρικώτατα
1288 1528 1344 1587 καί

71 1651 328 1732 καρτερικώτατα
355 1647 584 1733 πολεμοῦντες,
620 1651 726 1735 φέρειν
761 1649 803 1732 μή
832 1649 1001 1720 σθένοντες
1032 1645 1062 1711 οἱ
1086 1645 1252 1714 ἀντίπαλοι
1287 1652 1344 1722 τὰς

73 1772 199 1854 βαρείας
224 1769 386 1844 ἐπιθέσεις
410 1777 466 1836 καί
489 1775 666 1858 πολεμικὰς
691 1783 751 1836 τῶν
775 1774 924 1849 γενναίων
948 1781 1144 1857 στρατιωτῶν
1167 1767 1257 1858 ἡμῶν
1280 1793 1343 1837 πα-

72 1896 184 1980 λάμας,
208 1900 264 1968 τάς
288 1919 322 1959 τε
345 1899 546 1983 θανασίμους
570 1899 700 1982 τρώσεις
723 1900 779 1960 καί
802 1898 859 1968 τὰς
879 1897 1084 1981 περικρὸτους
1106 1895 1240 1982 πληγὰς,
1265 1899 1343 1982 πρῦς

72 2021 168 2105 φυγὴν
192 2017 222 2084 οἱ
244 2020 382 2084 δείλαιοι
413 2018 605 2107 ἐτράπησαν.
629 2023 664 2084 τύ
689 2021 724 2084 δέ
750 2022 939 2106 καρρύτξιον
975 2016 1077 2084 αὐτῶν
1113 2027 1168 2104 τῆς
1197 2017 1341 2106 ἀνάγκης

70 2144 318 2229 κατεπειγούσης
343 2141 498 2216 έάσαντις
522 2143 576 2228 την
601 2141 715 2209 έαοτοῦ
743 2141 881 2216 έκαστος
909 2146 1068 2228 σωτηρίαν
1097 2139 1341 2227 έπολυπραγρο-

72 2279 148 2330 νεῐτο
171 2271 226 2330 καί
250 2263 398 2354 εύτυχίαν
422 2269 477 2354 τὴν
503 2265 670 2355 ἀειφυγίαν
694 2267 829 2354 ένύμιξε.
854 2264 1030 2332 κάντεῦθεν
1055 2269 1101 2341 τίς
1126 2262 1164 2330 ἀν
1188 2263 1342 2346 έξαγγέλ-

73 2390 120 2452 λοι
144 2391 199 2475 τὴν
225 2401 285 2453 τῶν
313 2393 579 2478 σφαγιασθέντων
615 2387 731 2456 αύτύθι
766 2389 984 2477 Παρμεσάνων
1016 2389 1158 2477 πληθύν,
1194 2391 1247 2455 τὸν
1282 2399 1343 2454 τῶν

73 2513 289 2600 τληττομένων
313 2518 368 2578 καί
391 2519 595 2600 πατουμένων
619 2511 759 2599 ἀριθμὸν
783 2518 839 2578 καί
863 2483 1004 2600 τὴντῶν
1027 2515 1166 2600 μεληδὸν
1196 2533 1343 2578 κατακο-

73 2641 185 2701 πέντων
208 2633 268 2702 ύπύ
291 2649 352 2704 τῶν
375 2636 591 2724 Κρεμονισίων
621 2642 785 2723 ποσότητα
813 2639 866 2702 διὰ
895 2641 930 2702 τύ
960 2649 1099 2724 μανικῶς
1127 2635 1241 2710 αύτούς
1269 2637 1343 2702 δια-

74 2765 198 2827 κεῖσθαι
226 2759 297 2826 κατ’
327 2759 445 2841 αύτῶν;
474 2759 545 2828 ὅσοι
571 2763 607 2827 δέ
638 2757 819 2848 εὑρέθησαν
849 2759 881 2825 έν
906 2761 948 2846 τῷ
975 2765 1093 2847 κάμπῳ
1117 2772 1176 2826 τῶν
1201 2783 1343 2850 σφαγια-

76 2889 210 2952 σθέντων
234 2892 290 2953 καὶ
315 2886 529 2974 ἀριθμεῖσθαι
553 2887 743 2972 δυναμένων,
768 2890 865 2972 χωρίς
881 2895 942 2952 τῶν
959 2886 992 2950 έν
1009 2889 1052 2972 τῷ
1067 2886 1199 2972 ποταμῷ
1213 2891 1340 2966 πνιγίν-

75 3033 139 3091 τιον,
162 3010 304 3100 ύπῆρχον
328 3013 473 3100 χιλιάδες
496 3014 553 3076 δύο
576 3015 633 3076 καί
656 3008 812 3076 ἐπέκεινα.
840 3007 962 3094 [ὅσους]
988 3011 1024 3074 δέ
1041 3020 1100 3074 τῶν
1117 3011 1338 3097 μεγαλοτίρων

76 3133 169 3202 αύιῶν
196 3143 253 3202 καί
282 3146 336 3224 τῆς
362 3141 449 3201 κάτω
474 3139 572 3222 τύχης
603 3135 788 3223 ἐζώγρησαν
813 3137 897 3219 [καί]
923 3146 961 3222 τη
985 3131 1126 3221 ἡμετέρα
1147 3136 1337 3230 παρέδωκαν

76 3262 210 3348 φυλακη,
247 3264 300 3326 τύν
327 3259 465 3346 ἀριθμῦν
501 3259 562 3324 εἰσι
597 3259 696 3346 χίλιοι
730 3263 785 3322 καί
818 3259 990 3331 διακόσιοι.
1026 3262 1082 3322 καί
1110 3255 1142 3321 έν
1172 3263 1286 3344 μείονι,
1319 3259 1339 3347 ἢ
1441 3333 1443 3338 ,

76 3393 167 3449 ταῦτα
190 3383 383 3474 ἐγράφοντο,
408 3383 437 3448 οί
462 3383 698 3470 ἀποκρισιοίριοι
722 3394 782 3448 τῶν
808 3383 1079 3468 έναπομεινάντων
1103 3385 1259 3470 λειψάνων
1282 3393 1338 3448 τοῦ

75 3508 230 3574 Δουκάτου
255 3514 311 3572 καί
336 3511 419 3596 [τῆς]
444 3507 660 3596 Ῥωμανιύλης
684 3511 761 3594 πρὸς
785 3509 858 3582 τούς
880 3508 982 3580 πῦδας
1004 3504 1094 3595 ἡμῶν
1115 3513 1339 3594 παρεγένοντο,

77 3632 226 3708 αἰτοῦντες
261 3636 465 3718 συμπάθειαν
500 3632 556 3697 καὶ
591 3634 646 3718 τὴν
678 3635 771 3720 χάριν
804 3629 902 3719 ἡμῶν.
935 3635 1019 3696 κατὰ
1053 3633 1089 3696 δέ
1125 3633 1181 3718 τὴν
1214 3637 1338 3720 πρώτην

77 3766 124 3820 τοῦ
153 3763 309 3844 παρόντος
343 3759 660 3844 σεπτεμβρίου
694 3757 823 3822 δώδεκα
849 3753 1175 3844 ἡμέτερακάτεργα,
1218 3758 1338 3842 ἀπρύς

76 3883 123 3967 τὴν
155 3883 261 3950 Σούνα
297 3880 531 3968 ἀπεστείλαμεν
570 3879 613 3956 είς
649 3881 779 3970 φύλαξιν
814 3877 926 3968 αὐτῆς,
967 3882 1000 3946 έν
1039 3879 1085 3954 οίς
1123 3879 1255 3966 Πέτρος
1282 3889 1338 3967 τῆς

76 4004 189 4093 Λείριος
225 4017 280 4092 τῆς
315 4006 452 4084 Γαέτας,
482 4002 675 4093 δὴμέτερος
703 4009 828 4087 πιστάς,
864 4006 981 4081 δεκαέξ
1010 4003 1336 4088 πλοίαΓενοοβισίων

77 4140 127 4192 τῶν
153 4129 291 4198 ἀπίστων
319 4128 408 4218 ἡμῶν
442 4129 590 4212 ἐπίασαν,
620 4134 676 4194 καὶ
700 4130 772 4204 τούς
801 4127 834 4193 ἐν
862 4125 968 4203 αὐτοῖς
991 4125 1011 4216 ἡ
1035 4126 1175 4216 ἡμετέρα
1204 4131 1336 4216 κατέχει

77 4255 200 4344 φυλακή.
236 4266 336 4322 ταῦτα
370 4259 472 4321 πάντα
496 4265 536 4342 τη
559 4259 675 4340 γνησία
704 4252 813 4340 ἀγάπη
844 4263 900 4340 τῆς
929 4255 1093 4338 βασιλείας
1129 4274 1186 4319 σου
1221 4259 1335 4340 γνωρί-

78 4383 159 4464 ζομεν
181 4380 224 4454 είς
248 4385 364 4468 χαράν.
391 4377 586 4469 έφετιομίνης
610 4380 646 4443 δέ
670 4388 726 4465 τῆς
750 4387 804 4442 τοῦ
828 4381 909 4444 θεοῦ
942 4380 1111 4466 βοηθείας,
1141 4352 1335 4465 χαριέστερα

78 4514 110 4588 τη
131 4506 275 4589 βασιλεία
298 4527 356 4570 σου
380 4507 550 4591 γράψομεν,
577 4501 753 4590 ένηδομένη
777 4513 841 4577 τοῖς
864 4499 953 4589 ἡμῶν
976 4505 1236 4590 κατορθώμασιν.
