3164 5264
1288 359 1355 428 339

76 545 266 624 εδικοοσας,
296 546 407 635 επιδην
437 545 513 618 λταν
538 543 610 615 ύτον
640 555 696 616 καί
725 547 742 616 δ
773 571 1014 638 ατοκρισιαριον
1039 574 1098 626 σοις
1121 549 1138 618 ύ
1164 575 1255 640 μισερ
1278 552 1355 620 Ἀν-

75 671 173 760 δρεας
202 673 272 754 εδο,
302 695 356 740 τον
385 672 602 760 επαραηηιλαν
630 695 701 762 περι
728 673 858 764 ἐτοοτην
887 697 942 763 την
971 673 1155 764 ἡποθεσην,
1183 677 1239 766 τὴν
1263 675 1356 744 δπιαν

77 815 255 878 τηριτιισαν.
280 795 382 884 ληπον
402 817 561 882 πιησετπι,
585 797 669 862 πλεα
693 819 710 862 ο
733 791 882 884 ἡριμενος
898 797 1044 885 Ταοιιτης
1067 819 1108 863 να
1131 799 1192 886 μὴν
1217 797 1290 865 ἐλθι
1317 821 1357 866 να

76 918 186 982 λαλισι
210 939 256 992 τις
279 921 335 1004 τὴν
353 919 500 1003 βασιλιοιν
525 941 596 1004 μου,
621 939 707 984 κατα
730 942 786 1006 την
810 941 939 1008 αηαπην
955 925 1012 987 καί
1035 921 1151 1010 ριλιαν,
1176 920 1254 989 δτοο
1279 944 1356 1010 εχο-

76 1061 133 1124 μιν
157 1041 214 1106 διὰ
236 1063 337 1128 μιοον
361 1063 435 1128 μας,
459 1043 514 1106 δια
536 1063 576 1106 να
600 1039 712 1118 αύξανι
735 1063 791 1129 την
813 1046 1036 1130 καθτκαστην.
1072 1043 1115 1110 ἒν
1150 1043 1355 1112 Κοοταν·

75 1183 207 1230 τινοο
241 1166 378 1230 τολτι
413 1185 521 1252 μηνι
555 1167 756 1250 νοεβριω
790 1165 825 1230 δ’.

165 1293 212 1350 Ea
226 1297 298 1366 οτύρ.
315 1295 405 1350 dan.
424 1295 565 1350 tabularii
587 1295 810 1352 Ῡιπάοδοιιεπούτ
824 1295 977 1369 descripsit
992 1295 1028 1354 Ε.
1045 1295 1129 1356 Βίπίτ.

509 1583 618 1653 XXIX.
636 1589 752 1670 (1501)
771 1591 821 1656 19.
838 1587 916 1656 iulii.

72 1752 251 1825 Respublica
263 1749 495 1808 florentinorum
510 1753 627 1808 ειιίίαιιο
644 1753 768 1826 Bajaeet
779 1753 825 1813 ΙΙ.
839 1754 1015 1810 commendat
1026 1755 1177 1830 Georgium
1187 1755 1354 1816 Βανίοίιιιιι.

164 1903 230 1990 Τῷ
257 1904 445 1990 μιηάλιρ
474 1899 795 1992 αὐτοκράτορι
824 1913 902 1992 τῆς
931 1903 1352 1995 ἀμροτίραςὴξςι.

73 2051 153 2114 ροο
190 2039 241 2115 τῇ
275 2026 464 2092 ίοολίοο
499 2027 553 2092 ιθ
588 2031 740 2114 μηνύς.

166 2149 307 2232 mmm
336 2147 546 2235 αὐτοκράτωρ
574 2155 631 2216 καί
658 2143 839 2236 ύψηλύτατε
869 2147 1012 2216 αύθύντα
1032 2148 1099 2217 κτὲ.
1125 2155 1355 2249 θαομοίσαντες

72 2275 139 2363 ἡδη
165 2273 205 2340 ὲκ
226 2275 349 2340 πολλοῦ
373 2277 430 2340 καί
453 2275 508 2360 τὴν
533 2272 578 2346 τίς
601 2269 687 2360 ἡμᾶς
711 2270 951 2362 φιλανθρωπίαν
983 2295 1041 2340 σοο
1064 2279 1120 2340 καί
1143 2275 1188 2350 τίς
1212 2273 1355 2352 ἅπαντας

71 2399 298 2486 δικαιοσύνην,
324 2396 508 2486 ἀμροτύρατ
530 2397 570 2484 δὴ
595 2399 767 2480 βασιλικὰς
791 2393 921 2482 ἀρετὰς,
949 2393 1128 2484 ἡλπίσαμεν
1152 2393 1270 2484 ῥαδίως
1293 2395 1354 2468 ούκ

72 2522 178 2610 ἄλλην
207 2519 240 2585 ἒν
269 2519 385 2610 ἀμφοῖν
421 2521 558 2588 ίσεσθαι
588 2517 620 2584 ἰν
648 2531 712 2592 τοῖς
747 2528 806 2584 τῶν
833 2515 994 2606 ἡμετέρων
1024 2521 1159 2588 πολιτῶν
1184 2525 1353 2610 πράγμασι

73 2651 135 2718 καί
160 2644 337 2732 ύμπορύοιις.
367 2644 440 2724 ἄγει
467 2641 540 2730 παρ’
564 2641 635 2730 ύμῖν
658 2643 815 2729 Γιύρηιος
838 2639 856 2706 ύ
879 2643 1051 2730 Βύρτωλος
1076 2649 1131 2710 καί
1159 2644 1354 2733 λπιτροπεύει

71 2771 129 2856 τὴν
153 2775 273 2834 νασίων
296 2765 458 2856 ἡμετέρων
485 2767 619 2834 πολιτῶν
650 2767 819 2852 ἐμπορίαν,
849 2767 883 2832 ἐν
905 2766 930 2854 ἡ
956 2770 1119 2855 χρεωστὴν
1143 2773 1202 2834 καί
1223 2768 1352 2868 δρμιλύ·

69 2915 129 2980 την
166 2893 247 2979 ἕτχι
281 2893 407 2957 πολλῶν
441 2893 617 2978 χρημάτων
644 2887 796 2975 Ἀνδρέαν
825 2893 895 2954 τινὰ
923 2887 1071 2974 Γρτττδν,
1104 2890 1204 2977 ἄνδρα
1236 2891 1352 2975 ἐνετύν,

71 3013 187 3103 ούπερ,
212 3013 257 3088 ὣς
282 3014 420 3102 ἐχθροῦ,
449 3017 553 3078 πάντα
575 3011 755 3096 κατέλαβεν
778 3015 835 3076 καί
859 3009 1033 3099 ἒδὴμεοστν
1057 3009 1076 3100 ἡ
1101 3009 1239 3102 ύμετέρα
1268 3013 1352 3104 ύψη-

70 3142 187 3227 λύτης,
223 3137 412 3215 ἐπειπούσα,
441 3133 484 3210 ὣς
508 3137 654 3220 βούλοιτο
683 3145 777 3200 πᾶσιν
802 3138 841 3200 τὰ
870 3137 1007 3222 σφέτερα
1039 3133 1227 3219 ἀποδοῦναι,
1264 3137 1350 3214 ὅστις

66 3269 126 3330 καί
153 3275 292 3350 ηραραίς
320 3260 378 3326 καὶ
406 3263 577 3348 μάρτορσιν
605 3257 798 3346 ύρείλεοθαί
826 3280 856 3322 τι
884 3253 969 3344 αύτῷ
995 3259 1134 3335 δείξειεν·
1166 3258 1197 3325 ἒν
1227 3265 1349 3338 τούτοις

66 3393 126 3454 καί
162 3383 257 3460 ούτος
280 3383 297 3451 ύ
320 3385 480 3471 Γτύρηιύς
509 3381 609 3459 ἐστιν,
642 3385 698 3448 καί
726 3377 769 3454 ύς
791 3377 994 3468 ἡκούοαμεν,
1029 3385 1133 3446 πάντα
1157 3379 1287 3470 ἐποίησε
1311 3389 1351 3452 τὰ

66 3511 114 3586 εἰς
138 3518 232 3576 τούτο
257 3512 460 3596 καθὴκοντα,
486 3506 616 3593 μηδὲπω
640 3505 676 3569 δὲ
701 3501 855 3588 ἀνίλαβεν
879 3505 914 3568 τύ
938 3501 1062 3586 ἑαυτοῦ,
1088 3501 1137 3570 ύτι
1161 3501 1279 3594 ύποψία
1302 3513 1349 3584 τίς

65 3633 166 3714 ἐστιν,
188 3635 232 3720 μη
257 3631 338 3698 εἶναι
362 3630 488 3717 ἀληθὲς
511 3633 567 3692 καί
590 3629 717 3694 δίκαιον
740 3635 833 3692 τούτο
857 3629 892 3691 τδ
918 3624 1089 3714 ύρείλημα·
1113 3624 1204 3715 ἡμεῖς
1226 3630 1275 3709 δὲ,
1299 3630 1349 3698 οἵ.

63 3779 127 3843 περ
146 3757 240 3842 ἴδμεν
265 3757 321 3842 τὴν
344 3751 597 3834 καλοκάγαθίαν
621 3755 678 3818 καί
699 3751 828 3816 δικαίαν
853 3753 943 3838 φύσιν
963 3752 1050 3834 [τῶν]
1079 3747 1239 3838 ἡμετέρων
1255 3755 1347 3820 πολι-

64 3892 144 3957 τῶν,
169 3875 270 3953 ούτως
293 3878 374 3944 εἶναι
396 3878 598 3962 πιστεύομεν,
623 3878 680 3938 καί
703 3874 757 3938 διὰ
780 3883 872 3938 τοῦτο
890 3883 1082 3960 σονιστιύμιν
1103 3872 1211 3961 ἐκείνη
1236 3871 1344 3956 αύτύν,

63 4009 125 4070 καί
140 4003 335 4090 ἱκετεύομεν,
354 3997 430 4066 ’όταν
446 4004 502 4066 καί
519 4009 653 4087 ηραραίς
670 4002 726 4062 καί
742 4001 878 4082 μάρτυσι
895 3993 946 4062 ἀπ’
965 3993 1061 4062 αὐτού
1078 3997 1227 4086 δειχθείη
1245 3995 1344 4073 οὕτως

63 4127 163 4207 εἶναι,
190 4125 376 4193 ἀποδόσθαι
400 4121 486 4210 αύτῷ
508 4127 543 4188 τύ
560 4119 685 4199 ύαοτού,
709 4118 814 4206 ὥσπερ
837 4123 893 4185 καί
916 4121 1051 4186 δίκαιον·
1077 4120 1127 4208 εἴη
1153 4125 1213 4207 γὰρ
1238 4119 1276 4188 ἂν
1301 4127 1345 4212 μὴ

62 4251 149 4319 ούτιο
172 4255 342 4339 ποιήσαντι
363 4248 476 4314 ἄδικον
499 4251 555 4312 καί
580 4247 625 4320 είς
650 4249 702 4310 τύν
726 4247 805 4309 θεὸν
830 4242 961 4328 ἀσεβὲς,
990 4241 1027 4310 ού
1052 4248 1178 4332 μακρὰν
1202 4244 1345 4337 ἀρέστη·

61 4399 123 4442 κεν
147 4375 198 4442 ἀεί
221 4374 242 4461 ἡ
267 4371 403 4460 ύμετέρα
427 4338 602 4459 ύψηλύτὴς,
626 4373 682 4432 καί
707 4365 833 4443 ἀνάξιον
856 4365 980 4455 ἐκείνης
1005 4377 1069 4472 της.
1081 4363 1238 4448 εὐδοξίας,
1263 4367 1343 4459 ἡπτρ

62 4499 117 4564 ἐπί
141 4499 331 4584 δικαιοσύνη
352 4499 438 4582 παρὰ
465 4498 586 4566 πάντας
611 4490 799 4576 ἀνθρώποις
822 4487 952 4578 ἠξίωται
975 4495 1032 4555 καί
1056 4491 1261 4573 δεδόξασται,
1285 4500 1342 4560 καί

60 4624 117 4689 ἐπί
141 4625 262 4694 τούτοις
277 4617 349 4708 ἡμίν
376 4619 422 4684 ἔτι
445 4615 574 4704 ἥδιστον
594 4619 652 4681 καί
675 4613 707 4680 ἐν
725 4619 859 4700 μεγίστη
878 4618 986 4700 χάριτι
1003 4618 1179 4699 τιθέμενον.
1207 4618 1339 4704 ἔρριπτο.

154 4754 245 4811 Euat
260 4755 291 4808 εἰι
306 4753 434 4822 περίείιύτ
450 4749 588 4804 tabularii
603 4747 769 4804 florentini.
815 4805 818 4812 ,

1074 4849 1108 4901 22
1127 4847 1142 4880 *
