<?xml version="1.0" encoding="UTF-8"?>
<!DOCTYPE html PUBLIC "-//W3C//DTD XHTML 1.0 Transitional//EN"
    "http://www.w3.org/TR/xhtml1/DTD/xhtml1-transitional.dtd">
<html xmlns="http://www.w3.org/1999/xhtml" xml:lang="en" lang="en">
 <head>
  <title>
</title>
<meta http-equiv="Content-Type" content="text/html;charset=utf-8" />
  <meta name='ocr-system' content='tesseract 3.04.00' />
  <meta name='ocr-capabilities' content='ocr_page ocr_carea ocr_par ocr_line ocrx_word'/>
</head>
<body>
  <div class='ocr_page' id='page_1' title='image "./actaetdiplomata03miklgoog_0381.png"; bbox 0 0 3164 5264; ppageno 0'>
   <div class='ocr_carea' id='block_1_1' title="bbox 251 311 1565 594">
    <p class='ocr_par' dir='ltr' id='par_1_1' title="bbox 251 311 1565 594">
     <span class='ocr_line' id='line_1_1' title="bbox 251 311 1565 398; baseline -0.03 -22"><span class='ocrx_word' id='word_1_1' title='bbox 251 313 317 380; x_wconf 83' lang='lat'><strong>33⁰</strong></span> <span class='ocrx_word' id='word_1_2' title='bbox 1564 311 1565 398; x_wconf 65' lang='grc' dir='ltr'><strong>η</strong></span> 
     </span>
     <span class='ocr_line' id='line_1_2' title="bbox 252 503 1524 594; baseline -0.004 -21"><span class='ocrx_word' id='word_1_3' title='bbox 252 505 393 593; x_wconf 85' lang='grc' dir='ltr'><strong>βάλομεν</strong></span> <span class='ocrx_word' id='word_1_4' title='bbox 410 506 528 594; x_wconf 80' lang='grc' dir='ltr'><strong>βουλὴν</strong></span> <span class='ocrx_word' id='word_1_5' title='bbox 545 511 583 593; x_wconf 84' lang='grc' dir='ltr'><strong>μέ</strong></span> <span class='ocrx_word' id='word_1_6' title='bbox 600 515 689 572; x_wconf 83' lang='grc' dir='ltr'><strong>πᾶσα</strong></span> <span class='ocrx_word' id='word_1_7' title='bbox 706 505 846 593; x_wconf 81' lang='grc' dir='ltr'><strong>σπουδὴν</strong></span> <span class='ocrx_word' id='word_1_8' title='bbox 863 509 919 572; x_wconf 90' lang='grc' dir='ltr'><strong>καί</strong></span> <span class='ocrx_word' id='word_1_9' title='bbox 934 507 1081 593; x_wconf 89' lang='grc' dir='ltr'><strong>δίναμην,</strong></span> <span class='ocrx_word' id='word_1_10' title='bbox 1099 503 1116 570; x_wconf 84' lang='grc' dir='ltr'><strong>δ</strong></span> <span class='ocrx_word' id='word_1_11' title='bbox 1132 508 1232 592; x_wconf 83' lang='grc' dir='ltr'><strong>σαρδν</strong></span> <span class='ocrx_word' id='word_1_12' title='bbox 1245 503 1524 593; x_wconf 75' lang='grc' dir='ltr'><strong>Τζησομὴςσοολ-</strong></span> 
     </span>
    </p>
   </div>
   <div class='ocr_carea' id='block_1_2' title="bbox 250 629 1524 2320">
    <p class='ocr_par' dir='ltr' id='par_1_2' title="bbox 250 629 1524 2320">
     <span class='ocr_line' id='line_1_3' title="bbox 252 629 1524 718; baseline -0.002 -22"><span class='ocrx_word' id='word_1_13' title='bbox 252 634 347 704; x_wconf 85' lang='grc' dir='ltr'><strong>τάνος</strong></span> <span class='ocrx_word' id='word_1_14' title='bbox 374 633 413 696; x_wconf 90' lang='grc' dir='ltr'><strong>νά</strong></span> <span class='ocrx_word' id='word_1_15' title='bbox 442 629 523 696; x_wconf 83' lang='grc' dir='ltr'><strong>εἶναι</strong></span> <span class='ocrx_word' id='word_1_16' title='bbox 547 631 743 717; x_wconf 86' lang='grc' dir='ltr'><strong>βλεπημένος</strong></span> <span class='ocrx_word' id='word_1_17' title='bbox 767 629 812 704; x_wconf 84' lang='grc' dir='ltr'><strong>τίς</strong></span> <span class='ocrx_word' id='word_1_18' title='bbox 836 633 892 704; x_wconf 82' lang='grc' dir='ltr'><strong>τὰς</strong></span> <span class='ocrx_word' id='word_1_19' title='bbox 916 632 1028 718; x_wconf 82' lang='grc' dir='ltr'><strong>χειριίς</strong></span> <span class='ocrx_word' id='word_1_20' title='bbox 1052 653 1115 716; x_wconf 89' lang='grc' dir='ltr'><strong>μας</strong></span> <span class='ocrx_word' id='word_1_21' title='bbox 1138 634 1194 696; x_wconf 87' lang='grc' dir='ltr'><strong>καί</strong></span> <span class='ocrx_word' id='word_1_22' title='bbox 1217 631 1451 716; x_wconf 79' lang='grc' dir='ltr'><strong>κοβερνημένος</strong></span> <span class='ocrx_word' id='word_1_23' title='bbox 1474 631 1524 694; x_wconf 80' lang='grc' dir='ltr'><strong>διὰ</strong></span> 
     </span>
     <span class='ocr_line' id='line_1_4' title="bbox 251 749 1524 840; baseline 0 -22"><span class='ocrx_word' id='word_1_24' title='bbox 251 754 308 840; x_wconf 76' lang='grc' dir='ltr'><strong>την</strong></span> <span class='ocrx_word' id='word_1_25' title='bbox 324 751 500 820; x_wconf 81' lang='grc' dir='ltr'>ἀνάπαυσιν</span> <span class='ocrx_word' id='word_1_26' title='bbox 521 761 576 819; x_wconf 87' lang='grc' dir='ltr'><strong>τοῦ</strong></span> <span class='ocrx_word' id='word_1_27' title='bbox 594 755 737 840; x_wconf 75' lang='grc' dir='ltr'><strong>μεηοίλοο</strong></span> <span class='ocrx_word' id='word_1_28' title='bbox 762 751 932 836; x_wconf 73' lang='grc' dir='ltr'><strong>αὐθέντας,</strong></span> <span class='ocrx_word' id='word_1_29' title='bbox 956 754 1011 820; x_wconf 85' lang='grc' dir='ltr'><strong>διά</strong></span> <span class='ocrx_word' id='word_1_30' title='bbox 1027 757 1067 820; x_wconf 88' lang='grc' dir='ltr'><strong>νά</strong></span> <span class='ocrx_word' id='word_1_31' title='bbox 1089 754 1166 840; x_wconf 81' lang='grc' dir='ltr'><strong>λίτη</strong></span> <span class='ocrx_word' id='word_1_32' title='bbox 1190 763 1253 818; x_wconf 79' lang='grc' dir='ltr'><strong>πᾶν</strong></span> <span class='ocrx_word' id='word_1_33' title='bbox 1270 749 1464 832; x_wconf 73' lang='grc' dir='ltr'><strong>σκάνδαλον,</strong></span> <span class='ocrx_word' id='word_1_34' title='bbox 1488 757 1524 818; x_wconf 85' lang='grc' dir='ltr'><strong>νά</strong></span> 
     </span>
     <span class='ocr_line' id='line_1_5' title="bbox 252 873 1523 964; baseline 0 -24"><span class='ocrx_word' id='word_1_35' title='bbox 252 877 352 964; x_wconf 86' lang='grc' dir='ltr'><strong>μηδέν</strong></span> <span class='ocrx_word' id='word_1_36' title='bbox 382 875 444 963; x_wconf 80' lang='grc' dir='ltr'><strong>έχη</strong></span> <span class='ocrx_word' id='word_1_37' title='bbox 475 879 621 964; x_wconf 82' lang='grc' dir='ltr'><strong>τηπωτας</strong></span> <span class='ocrx_word' id='word_1_38' title='bbox 650 881 766 964; x_wconf 74' lang='grc' dir='ltr'><strong>ζημίαν</strong></span> <span class='ocrx_word' id='word_1_39' title='bbox 791 874 864 942; x_wconf 81' lang='grc' dir='ltr'><strong>οὐτε</strong></span> <span class='ocrx_word' id='word_1_40' title='bbox 892 881 1023 963; x_wconf 82' lang='grc' dir='ltr'><strong>στερέας</strong></span> <span class='ocrx_word' id='word_1_41' title='bbox 1052 873 1123 944; x_wconf 83' lang='grc' dir='ltr'><strong>οὐτε</strong></span> <span class='ocrx_word' id='word_1_42' title='bbox 1147 877 1299 962; x_wconf 85' lang='grc' dir='ltr'><strong>θαλοίσης</strong></span> <span class='ocrx_word' id='word_1_43' title='bbox 1321 873 1339 941; x_wconf 81' lang='grc' dir='ltr'><strong>ὁ</strong></span> <span class='ocrx_word' id='word_1_44' title='bbox 1363 879 1523 961; x_wconf 77' lang='grc' dir='ltr'><strong>κραταιώ-</strong></span> 
     </span>
     <span class='ocr_line' id='line_1_6' title="bbox 252 995 1523 1086; baseline -0.002 -22"><span class='ocrx_word' id='word_1_45' title='bbox 252 1022 347 1073; x_wconf 88' lang='grc' dir='ltr'><strong>τατος</strong></span> <span class='ocrx_word' id='word_1_46' title='bbox 368 999 471 1086; x_wconf 77' lang='grc' dir='ltr'><strong>μέγας</strong></span> <span class='ocrx_word' id='word_1_47' title='bbox 495 995 669 1086; x_wconf 75' lang='grc' dir='ltr'><strong>αὐθέντης,</strong></span> <span class='ocrx_word' id='word_1_48' title='bbox 694 1003 750 1064; x_wconf 89' lang='grc' dir='ltr'><strong>καί</strong></span> <span class='ocrx_word' id='word_1_49' title='bbox 776 997 960 1086; x_wconf 79' lang='grc' dir='ltr'><strong>ὐμνέηονμεν</strong></span> <span class='ocrx_word' id='word_1_50' title='bbox 989 997 1035 1073; x_wconf 79' lang='grc' dir='ltr'><strong>τίς</strong></span> <span class='ocrx_word' id='word_1_51' title='bbox 1058 1001 1111 1064; x_wconf 77' lang='grc' dir='ltr'><strong>τὸν</strong></span> <span class='ocrx_word' id='word_1_52' title='bbox 1138 1001 1218 1064; x_wconf 77' lang='grc' dir='ltr'><strong>θεὸν</strong></span> <span class='ocrx_word' id='word_1_53' title='bbox 1241 1003 1297 1064; x_wconf 81' lang='grc' dir='ltr'><strong>καί</strong></span> <span class='ocrx_word' id='word_1_54' title='bbox 1319 997 1365 1072; x_wconf 77' lang='grc' dir='ltr'><strong>εἰς</strong></span> <span class='ocrx_word' id='word_1_55' title='bbox 1389 1001 1444 1064; x_wconf 80' lang='grc' dir='ltr'><strong>τάν</strong></span> <span class='ocrx_word' id='word_1_56' title='bbox 1466 998 1523 1062; x_wconf 84' lang='grc' dir='ltr'><strong>κύ·</strong></span> 
     </span>
     <span class='ocr_line' id='line_1_7' title="bbox 252 1119 1522 1210; baseline -0.003 -23"><span class='ocrx_word' id='word_1_57' title='bbox 252 1143 318 1208; x_wconf 89' lang='grc' dir='ltr'><strong>ριον</strong></span> <span class='ocrx_word' id='word_1_58' title='bbox 343 1119 431 1210; x_wconf 80' lang='grc' dir='ltr'><strong>ἡμῶν</strong></span> <span class='ocrx_word' id='word_1_59' title='bbox 452 1121 574 1210; x_wconf 82' lang='grc' dir='ltr'><strong>Ἰησοῦν</strong></span> <span class='ocrx_word' id='word_1_60' title='bbox 596 1122 732 1208; x_wconf 81' lang='grc' dir='ltr'><strong>Χριστὸν</strong></span> <span class='ocrx_word' id='word_1_61' title='bbox 755 1127 812 1193; x_wconf 83' lang='grc' dir='ltr'><strong>καί</strong></span> <span class='ocrx_word' id='word_1_62' title='bbox 835 1123 881 1196; x_wconf 82' lang='grc' dir='ltr'><strong>είς</strong></span> <span class='ocrx_word' id='word_1_63' title='bbox 904 1125 960 1210; x_wconf 78' lang='grc' dir='ltr'><strong>την</strong></span> <span class='ocrx_word' id='word_1_64' title='bbox 983 1119 1153 1188; x_wconf 70' lang='grc' dir='ltr'><strong>δέσποιναν</strong></span> <span class='ocrx_word' id='word_1_65' title='bbox 1176 1119 1264 1210; x_wconf 67' lang='grc' dir='ltr'><strong>ἡμῶν</strong></span> <span class='ocrx_word' id='word_1_66' title='bbox 1289 1123 1344 1209; x_wconf 77' lang='grc' dir='ltr'><strong>την</strong></span> <span class='ocrx_word' id='word_1_67' title='bbox 1367 1125 1522 1188; x_wconf 80' lang='grc' dir='ltr'><strong>θεοτίκον</strong></span> 
     </span>
     <span class='ocr_line' id='line_1_8' title="bbox 252 1241 1522 1334; baseline -0.002 -24"><span class='ocrx_word' id='word_1_68' title='bbox 252 1249 309 1311; x_wconf 88' lang='grc' dir='ltr'><strong>καί</strong></span> <span class='ocrx_word' id='word_1_69' title='bbox 337 1245 383 1318; x_wconf 86' lang='grc' dir='ltr'><strong>τίς</strong></span> <span class='ocrx_word' id='word_1_70' title='bbox 408 1250 447 1310; x_wconf 86' lang='grc' dir='ltr'><strong>τὰ</strong></span> <span class='ocrx_word' id='word_1_71' title='bbox 472 1243 550 1324; x_wconf 80' lang='grc' dir='ltr'><strong>ἅγια</strong></span> <span class='ocrx_word' id='word_1_72' title='bbox 574 1241 759 1334; x_wconf 75' lang='grc' dir='ltr'><strong>εὐαγγέληα</strong></span> <span class='ocrx_word' id='word_1_73' title='bbox 793 1250 850 1311; x_wconf 86' lang='grc' dir='ltr'><strong>καί</strong></span> <span class='ocrx_word' id='word_1_74' title='bbox 877 1245 922 1320; x_wconf 85' lang='grc' dir='ltr'><strong>είς</strong></span> <span class='ocrx_word' id='word_1_75' title='bbox 944 1249 998 1312; x_wconf 81' lang='grc' dir='ltr'><strong>τὸν</strong></span> <span class='ocrx_word' id='word_1_76' title='bbox 1022 1251 1124 1332; x_wconf 89' lang='grc' dir='ltr'><strong>τίμιον</strong></span> <span class='ocrx_word' id='word_1_77' title='bbox 1146 1249 1201 1312; x_wconf 86' lang='grc' dir='ltr'><strong>καί</strong></span> <span class='ocrx_word' id='word_1_78' title='bbox 1227 1247 1401 1333; x_wconf 77' lang='grc' dir='ltr'><strong>βαστίστην</strong></span> <span class='ocrx_word' id='word_1_79' title='bbox 1424 1245 1522 1312; x_wconf 71' lang='lat' dir='ltr'>’lodv-</span> 
     </span>
     <span class='ocr_line' id='line_1_9' title="bbox 251 1365 1521 1456; baseline 0 -24"><span class='ocrx_word' id='word_1_80' title='bbox 251 1389 308 1456; x_wconf 91' lang='grc' dir='ltr'><strong>νην</strong></span> <span class='ocrx_word' id='word_1_81' title='bbox 333 1371 386 1434; x_wconf 85' lang='grc' dir='ltr'><strong>τύν</strong></span> <span class='ocrx_word' id='word_1_82' title='bbox 411 1369 597 1455; x_wconf 82' lang='grc' dir='ltr'><strong>Πρίδρομον</strong></span> <span class='ocrx_word' id='word_1_83' title='bbox 623 1373 702 1454; x_wconf 83' lang='grc' dir='ltr'><strong>μετὰ</strong></span> <span class='ocrx_word' id='word_1_84' title='bbox 722 1371 910 1456; x_wconf 77' lang='grc' dir='ltr'><strong>θελήματος</strong></span> <span class='ocrx_word' id='word_1_85' title='bbox 934 1375 990 1434; x_wconf 85' lang='grc' dir='ltr'><strong>καί</strong></span> <span class='ocrx_word' id='word_1_86' title='bbox 1013 1370 1129 1456; x_wconf 83' lang='grc' dir='ltr'><strong>βουλῆς</strong></span> <span class='ocrx_word' id='word_1_87' title='bbox 1153 1372 1206 1434; x_wconf 82' lang='grc' dir='ltr'><strong>τάν</strong></span> <span class='ocrx_word' id='word_1_88' title='bbox 1231 1367 1264 1432; x_wconf 78' lang='grc' dir='ltr'><strong>έν</strong></span> <span class='ocrx_word' id='word_1_89' title='bbox 1287 1367 1414 1454; x_wconf 73' lang='grc' dir='ltr'><strong>Χριστῷ</strong></span> <span class='ocrx_word' id='word_1_90' title='bbox 1436 1365 1521 1454; x_wconf 60' lang='grc' dir='ltr'><strong>ἡμῶν</strong></span> 
     </span>
     <span class='ocr_line' id='line_1_10' title="bbox 252 1489 1521 1580; baseline 0 -24"><span class='ocrx_word' id='word_1_91' title='bbox 252 1489 398 1580; x_wconf 78' lang='grc' dir='ltr'><strong>ἀδελφῶν</strong></span> <span class='ocrx_word' id='word_1_92' title='bbox 415 1495 468 1556; x_wconf 76' lang='grc' dir='ltr'><strong>τὸν</strong></span> <span class='ocrx_word' id='word_1_93' title='bbox 491 1490 692 1578; x_wconf 75' lang='grc' dir='ltr'><strong>τετιμιμένοιν</strong></span> <span class='ocrx_word' id='word_1_94' title='bbox 714 1493 898 1580; x_wconf 77' lang='grc' dir='ltr'><strong>μπαλήδονν,</strong></span> <span class='ocrx_word' id='word_1_95' title='bbox 921 1493 1099 1578; x_wconf 81' lang='grc' dir='ltr'><strong>τριορίδοιν,</strong></span> <span class='ocrx_word' id='word_1_96' title='bbox 1123 1497 1269 1580; x_wconf 81' lang='grc' dir='ltr'><strong>προίίρον</strong></span> <span class='ocrx_word' id='word_1_97' title='bbox 1289 1490 1347 1558; x_wconf 86' lang='grc' dir='ltr'><strong>καὶ</strong></span> <span class='ocrx_word' id='word_1_98' title='bbox 1368 1493 1521 1580; x_wconf 79' lang='grc' dir='ltr'><strong>φρερίδον,</strong></span> 
     </span>
     <span class='ocr_line' id='line_1_11' title="bbox 251 1611 1520 1704; baseline -0.002 -23"><span class='ocrx_word' id='word_1_99' title='bbox 251 1619 291 1681; x_wconf 88' lang='grc' dir='ltr'><strong>νά</strong></span> <span class='ocrx_word' id='word_1_100' title='bbox 319 1625 496 1702; x_wconf 78' lang='grc' dir='ltr'><strong>κρατοῦμεν</strong></span> <span class='ocrx_word' id='word_1_101' title='bbox 525 1617 658 1700; x_wconf 86' lang='grc' dir='ltr'><strong>βαίβεαν</strong></span> <span class='ocrx_word' id='word_1_102' title='bbox 682 1620 739 1680; x_wconf 88' lang='grc' dir='ltr'><strong>καί</strong></span> <span class='ocrx_word' id='word_1_103' title='bbox 763 1613 963 1703; x_wconf 82' lang='grc' dir='ltr'><strong>ἀλληθηναν,</strong></span> <span class='ocrx_word' id='word_1_104' title='bbox 993 1611 1010 1681; x_wconf 84' lang='grc' dir='ltr'><strong>δ</strong></span> <span class='ocrx_word' id='word_1_105' title='bbox 1039 1638 1067 1680; x_wconf 89' lang='grc' dir='ltr'><strong>τι</strong></span> <span class='ocrx_word' id='word_1_106' title='bbox 1091 1619 1242 1704; x_wconf 79' lang='grc' dir='ltr'><strong>γραφήιοι</strong></span> <span class='ocrx_word' id='word_1_107' title='bbox 1267 1611 1367 1702; x_wconf 82' lang='grc' dir='ltr'><strong>ῥηθὲν</strong></span> <span class='ocrx_word' id='word_1_108' title='bbox 1391 1615 1446 1680; x_wconf 89' lang='grc' dir='ltr'><strong>διά</strong></span> <span class='ocrx_word' id='word_1_109' title='bbox 1468 1617 1520 1701; x_wconf 77' lang='grc' dir='ltr'><strong>τήν</strong></span> 
     </span>
     <span class='ocr_line' id='line_1_12' title="bbox 250 1735 1521 1828; baseline -0.002 -25"><span class='ocrx_word' id='word_1_110' title='bbox 250 1740 382 1824; x_wconf 84' lang='grc' dir='ltr'><strong>βλέτιαν</strong></span> <span class='ocrx_word' id='word_1_111' title='bbox 410 1743 466 1804; x_wconf 85' lang='grc' dir='ltr'><strong>καί</strong></span> <span class='ocrx_word' id='word_1_112' title='bbox 493 1741 609 1828; x_wconf 80' lang='grc' dir='ltr'><strong>τροφὴν</strong></span> <span class='ocrx_word' id='word_1_113' title='bbox 637 1743 694 1806; x_wconf 81' lang='grc' dir='ltr'><strong>καί</strong></span> <span class='ocrx_word' id='word_1_114' title='bbox 723 1737 829 1815; x_wconf 50' lang='lat' dir='ltr'><strong>{aaa</strong></span> <span class='ocrx_word' id='word_1_115' title='bbox 857 1747 912 1804; x_wconf 79' lang='grc' dir='ltr'><strong>τοῦ</strong></span> <span class='ocrx_word' id='word_1_116' title='bbox 941 1735 1097 1814; x_wconf 75' lang='grc' dir='ltr'><strong>αὐθέντας</strong></span> <span class='ocrx_word' id='word_1_117' title='bbox 1126 1738 1267 1826; x_wconf 78' lang='grc' dir='ltr'><strong>Ζοίομὴ,</strong></span> <span class='ocrx_word' id='word_1_118' title='bbox 1290 1739 1521 1825; x_wconf 78' lang='grc' dir='ltr'><strong>καραλάβαμεν</strong></span> 
     </span>
     <span class='ocr_line' id='line_1_13' title="bbox 251 1861 1519 1950; baseline -0.001 -23"><span class='ocrx_word' id='word_1_119' title='bbox 251 1867 480 1950; x_wconf 85' lang='grc' dir='ltr'><strong>κατασταμένα</strong></span> <span class='ocrx_word' id='word_1_120' title='bbox 502 1865 596 1928; x_wconf 86' lang='grc' dir='ltr'><strong>καθὰ</strong></span> <span class='ocrx_word' id='word_1_121' title='bbox 615 1865 741 1949; x_wconf 86' lang='grc' dir='ltr'><strong>χρόνον.</strong></span> <span class='ocrx_word' id='word_1_122' title='bbox 769 1867 826 1928; x_wconf 88' lang='grc' dir='ltr'><strong>καί</strong></span> <span class='ocrx_word' id='word_1_123' title='bbox 854 1861 899 1936; x_wconf 85' lang='grc' dir='ltr'><strong>είς</strong></span> <span class='ocrx_word' id='word_1_124' title='bbox 928 1867 1102 1949; x_wconf 78' lang='grc' dir='ltr'><strong>μαρτυρίαν</strong></span> <span class='ocrx_word' id='word_1_125' title='bbox 1130 1867 1344 1949; x_wconf 81' lang='grc' dir='ltr'><strong>ατρισοντίραν</strong></span> <span class='ocrx_word' id='word_1_126' title='bbox 1367 1867 1424 1928; x_wconf 84' lang='grc' dir='ltr'><strong>καί</strong></span> <span class='ocrx_word' id='word_1_127' title='bbox 1448 1863 1519 1946; x_wconf 86' lang='grc' dir='ltr'><strong>βαι-</strong></span> 
     </span>
     <span class='ocr_line' id='line_1_14' title="bbox 251 1983 1520 2074; baseline -0.002 -22"><span class='ocrx_word' id='word_1_128' title='bbox 251 1984 365 2072; x_wconf 84' lang='grc' dir='ltr'><strong>βέονσιν</strong></span> <span class='ocrx_word' id='word_1_129' title='bbox 381 1987 529 2072; x_wconf 79' lang='grc' dir='ltr'><strong>βάλωμεν</strong></span> <span class='ocrx_word' id='word_1_130' title='bbox 545 1989 602 2051; x_wconf 84' lang='grc' dir='ltr'><strong>καί</strong></span> <span class='ocrx_word' id='word_1_131' title='bbox 618 1987 674 2074; x_wconf 80' lang='grc' dir='ltr'><strong>την</strong></span> <span class='ocrx_word' id='word_1_132' title='bbox 691 1987 809 2070; x_wconf 86' lang='grc' dir='ltr'><strong>βοολοίν</strong></span> <span class='ocrx_word' id='word_1_133' title='bbox 827 2008 899 2072; x_wconf 86' lang='grc' dir='ltr'><strong>μσς.</strong></span> <span class='ocrx_word' id='word_1_134' title='bbox 925 1985 1012 2052; x_wconf 77' lang='grc' dir='ltr'><strong>ἔδοι</strong></span> <span class='ocrx_word' id='word_1_135' title='bbox 1036 1984 1069 2050; x_wconf 86' lang='grc' dir='ltr'><strong>έν</strong></span> <span class='ocrx_word' id='word_1_136' title='bbox 1092 1983 1227 2072; x_wconf 81' lang='grc' dir='ltr'><strong>Ῥόδῳ</strong></span> <span class='ocrx_word' id='word_1_137' title='bbox 1251 1983 1335 2052; x_wconf 78' lang='grc' dir='ltr'><strong>ἀπὸ</strong></span> <span class='ocrx_word' id='word_1_138' title='bbox 1359 1995 1438 2074; x_wconf 80' lang='grc' dir='ltr'><strong>τῆς</strong></span> <span class='ocrx_word' id='word_1_139' title='bbox 1462 1983 1520 2050; x_wconf 85' lang='grc' dir='ltr'><strong>έν-</strong></span> 
     </span>
     <span class='ocr_line' id='line_1_15' title="bbox 250 2106 1519 2197; baseline -0.002 -23"><span class='ocrx_word' id='word_1_140' title='bbox 250 2119 429 2195; x_wconf 90' lang='grc' dir='ltr'><strong>σαρκοῦ</strong></span> <span class='ocrx_word' id='word_1_141' title='bbox 462 2107 749 2195; x_wconf 80' lang='grc' dir='ltr'><strong>οἰκονομίας</strong></span> <span class='ocrx_word' id='word_1_142' title='bbox 783 2117 861 2176; x_wconf 85' lang='grc' dir='ltr'><strong>τοῦ</strong></span> <span class='ocrx_word' id='word_1_143' title='bbox 895 2114 1061 2196; x_wconf 85' lang='grc' dir='ltr'><strong>κορίοο</strong></span> <span class='ocrx_word' id='word_1_144' title='bbox 1094 2106 1219 2197; x_wconf 79' lang='grc' dir='ltr'><strong>ἡμῶν</strong></span> <span class='ocrx_word' id='word_1_145' title='bbox 1246 2109 1396 2196; x_wconf 82' lang='grc' dir='ltr'><strong>Ἰησοῦ</strong></span> <span class='ocrx_word' id='word_1_146' title='bbox 1423 2109 1519 2195; x_wconf 85' lang='grc' dir='ltr'><strong>Χρι-</strong></span> 
     </span>
     <span class='ocr_line' id='line_1_16' title="bbox 250 2229 858 2320; baseline -0.002 -20"><span class='ocrx_word' id='word_1_147' title='bbox 250 2241 360 2300; x_wconf 89' lang='grc' dir='ltr'><strong>στοῦ</strong></span> <span class='ocrx_word' id='word_1_148' title='bbox 393 2234 524 2320; x_wconf 62' lang='grc' dir='ltr'><strong>,αοπίύ</strong></span> <span class='ocrx_word' id='word_1_149' title='bbox 559 2229 784 2317; x_wconf 85' lang='grc' dir='ltr'><strong>ἀπριλίοο</strong></span> <span class='ocrx_word' id='word_1_150' title='bbox 819 2231 858 2299; x_wconf 91' lang='grc' dir='ltr'><strong>δ’.</strong></span> 
     </span>
    </p>
   </div>
   <div class='ocr_carea' id='block_1_3' title="bbox 801 2425 964 2443">
    <p class='ocr_par' dir='ltr' id='par_1_3' title="bbox 801 2425 964 2443">
     <span class='ocr_line' id='line_1_17' title="bbox 801 2425 964 2443; baseline 0 -5"><span class='ocrx_word' id='word_1_151' title='bbox 801 2425 964 2443; x_wconf 62' lang='lat' dir='ltr'><strong>mmmm</strong></span> 
     </span>
    </p>
   </div>
   <div class='ocr_carea' id='block_1_4' title="bbox 218 2601 1519 4787">
    <p class='ocr_par' dir='ltr' id='par_1_4' title="bbox 246 2601 1519 3556">
     <span class='ocr_line' id='line_1_18' title="bbox 337 2601 1519 2692; baseline -0.002 -24"><span class='ocrx_word' id='word_1_152' title='bbox 337 2603 389 2668; x_wconf 87' lang='lat' dir='ltr'><strong>IX.</strong></span> <span class='ocrx_word' id='word_1_153' title='bbox 406 2601 569 2691; x_wconf 70' lang='grc' dir='ltr'><strong>Ἀήττητε</strong></span> <span class='ocrx_word' id='word_1_154' title='bbox 592 2607 820 2690; x_wconf 82' lang='grc' dir='ltr'><strong>κραταιώτατε,</strong></span> <span class='ocrx_word' id='word_1_155' title='bbox 837 2601 1036 2692; x_wconf 75' lang='grc' dir='ltr'><strong>ἠψοιλώτατε</strong></span> <span class='ocrx_word' id='word_1_156' title='bbox 1055 2604 1188 2688; x_wconf 86' lang='grc' dir='ltr'><strong>βασιλεῦ</strong></span> <span class='ocrx_word' id='word_1_157' title='bbox 1203 2604 1256 2668; x_wconf 80' lang='grc' dir='ltr'><strong>τὸν</strong></span> <span class='ocrx_word' id='word_1_158' title='bbox 1273 2603 1448 2688; x_wconf 82' lang='grc' dir='ltr'><strong>βασολέοιν,</strong></span> <span class='ocrx_word' id='word_1_159' title='bbox 1465 2607 1519 2688; x_wconf 83' lang='grc' dir='ltr'><strong>μέ·</strong></span> 
     </span>
     <span class='ocr_line' id='line_1_19' title="bbox 248 2721 1516 2816; baseline -0.002 -24"><span class='ocrx_word' id='word_1_160' title='bbox 248 2747 309 2808; x_wconf 74' lang='grc' dir='ltr'><strong>ηας</strong></span> <span class='ocrx_word' id='word_1_161' title='bbox 333 2721 491 2814; x_wconf 77' lang='grc' dir='ltr'><strong>αὐθέντης</strong></span> <span class='ocrx_word' id='word_1_162' title='bbox 515 2730 571 2792; x_wconf 89' lang='grc' dir='ltr'><strong>καί</strong></span> <span class='ocrx_word' id='word_1_163' title='bbox 593 2728 808 2816; x_wconf 84' lang='grc' dir='ltr'><strong>πεφιλημένος</strong></span> <span class='ocrx_word' id='word_1_164' title='bbox 831 2723 931 2814; x_wconf 80' lang='grc' dir='ltr'><strong>ἡμῶν.</strong></span> <span class='ocrx_word' id='word_1_165' title='bbox 956 2725 1205 2814; x_wconf 81' lang='grc' dir='ltr'><strong>ἐσαραλοίβαμεν</strong></span> <span class='ocrx_word' id='word_1_166' title='bbox 1229 2730 1280 2800; x_wconf 76' lang='grc' dir='ltr'><strong>τίς</strong></span> <span class='ocrx_word' id='word_1_167' title='bbox 1303 2739 1439 2814; x_wconf 75' lang='grc' dir='ltr'><strong>γραφαῖς</strong></span> <span class='ocrx_word' id='word_1_168' title='bbox 1464 2735 1516 2812; x_wconf 73' lang='grc' dir='ltr'><strong>της</strong></span> 
     </span>
     <span class='ocr_line' id='line_1_20' title="bbox 246 2845 1515 2938; baseline 0 -24"><span class='ocrx_word' id='word_1_169' title='bbox 246 2847 496 2937; x_wconf 80' lang='grc' dir='ltr'><strong>ἡψηλοτάτησοο</strong></span> <span class='ocrx_word' id='word_1_170' title='bbox 518 2845 690 2925; x_wconf 87' lang='grc' dir='ltr'><strong>αὐθεντίας</strong></span> <span class='ocrx_word' id='word_1_171' title='bbox 705 2855 793 2938; x_wconf 82' lang='grc' dir='ltr'><strong>παρὰ</strong></span> <span class='ocrx_word' id='word_1_172' title='bbox 817 2853 869 2916; x_wconf 84' lang='grc' dir='ltr'><strong>τδν</strong></span> <span class='ocrx_word' id='word_1_173' title='bbox 885 2855 1090 2937; x_wconf 79' lang='grc' dir='ltr'><strong>τετιμημένον</strong></span> <span class='ocrx_word' id='word_1_174' title='bbox 1106 2848 1209 2936; x_wconf 78' lang='grc' dir='ltr'><strong>ἄρχον</strong></span> <span class='ocrx_word' id='word_1_175' title='bbox 1225 2852 1279 2916; x_wconf 86' lang='grc' dir='ltr'><strong>τδν</strong></span> <span class='ocrx_word' id='word_1_176' title='bbox 1294 2849 1515 2936; x_wconf 80' lang='grc' dir='ltr'><strong>Χοοσανκέκη,</strong></span> 
     </span>
     <span class='ocr_line' id='line_1_21' title="bbox 249 2970 1517 3062; baseline -0.002 -23"><span class='ocrx_word' id='word_1_177' title='bbox 249 2971 464 3061; x_wconf 85' lang='grc' dir='ltr'><strong>ἀποκρισιάρη</strong></span> <span class='ocrx_word' id='word_1_178' title='bbox 480 2983 535 3062; x_wconf 81' lang='grc' dir='ltr'><strong>τῆς</strong></span> <span class='ocrx_word' id='word_1_179' title='bbox 561 2975 735 3060; x_wconf 76' lang='grc' dir='ltr'><strong>μεγάλισοο</strong></span> <span class='ocrx_word' id='word_1_180' title='bbox 759 2970 946 3052; x_wconf 81' lang='grc' dir='ltr'><strong>αὐθεντίας,</strong></span> <span class='ocrx_word' id='word_1_181' title='bbox 970 2977 1027 3040; x_wconf 90' lang='grc' dir='ltr'><strong>καί</strong></span> <span class='ocrx_word' id='word_1_182' title='bbox 1051 2971 1278 3060; x_wconf 79' lang='grc' dir='ltr'><strong>ὐηρικοίσαμεν</strong></span> <span class='ocrx_word' id='word_1_183' title='bbox 1296 2974 1351 3060; x_wconf 72' lang='grc' dir='ltr'><strong>την</strong></span> <span class='ocrx_word' id='word_1_184' title='bbox 1375 2977 1517 3062; x_wconf 73' lang='grc' dir='ltr'><strong>φροίνισιν</strong></span> 
     </span>
     <span class='ocr_line' id='line_1_22' title="bbox 247 3096 1516 3186; baseline -0.003 -23"><span class='ocrx_word' id='word_1_185' title='bbox 247 3101 305 3163; x_wconf 89' lang='grc' dir='ltr'><strong>καί</strong></span> <span class='ocrx_word' id='word_1_186' title='bbox 338 3101 373 3163; x_wconf 87' lang='grc' dir='ltr'><strong>τδ</strong></span> <span class='ocrx_word' id='word_1_187' title='bbox 408 3099 508 3164; x_wconf 78' lang='grc' dir='ltr'><strong>καλὸν</strong></span> <span class='ocrx_word' id='word_1_188' title='bbox 542 3100 693 3186; x_wconf 88' lang='grc' dir='ltr'><strong>θέλημαν</strong></span> <span class='ocrx_word' id='word_1_189' title='bbox 729 3108 784 3186; x_wconf 83' lang='grc' dir='ltr'><strong>τῆς</strong></span> <span class='ocrx_word' id='word_1_190' title='bbox 820 3099 1011 3185; x_wconf 84' lang='grc' dir='ltr'><strong>βασιλίασοιν</strong></span> <span class='ocrx_word' id='word_1_191' title='bbox 1046 3097 1090 3172; x_wconf 81' lang='grc' dir='ltr'><strong>εὶς</strong></span> <span class='ocrx_word' id='word_1_192' title='bbox 1125 3100 1180 3185; x_wconf 75' lang='grc' dir='ltr'><strong>την</strong></span> <span class='ocrx_word' id='word_1_193' title='bbox 1217 3096 1367 3186; x_wconf 81' lang='grc' dir='ltr'><strong>ἀλιθίνην</strong></span> <span class='ocrx_word' id='word_1_194' title='bbox 1400 3096 1516 3185; x_wconf 78' lang='grc' dir='ltr'><strong>ἡρὴνην</strong></span> 
     </span>
     <span class='ocr_line' id='line_1_23' title="bbox 246 3217 1516 3310; baseline 0 -24"><span class='ocrx_word' id='word_1_195' title='bbox 246 3222 302 3286; x_wconf 85' lang='grc' dir='ltr'><strong>διὰ</strong></span> <span class='ocrx_word' id='word_1_196' title='bbox 326 3223 381 3308; x_wconf 82' lang='grc' dir='ltr'><strong>τὴν</strong></span> <span class='ocrx_word' id='word_1_197' title='bbox 406 3219 582 3287; x_wconf 75' lang='grc' dir='ltr'><strong>ἀνάπαυσιν</strong></span> <span class='ocrx_word' id='word_1_198' title='bbox 599 3225 651 3289; x_wconf 81' lang='grc' dir='ltr'><strong>τὸν</strong></span> <span class='ocrx_word' id='word_1_199' title='bbox 676 3223 816 3308; x_wconf 88' lang='grc' dir='ltr'><strong>μερίδον.</strong></span> <span class='ocrx_word' id='word_1_200' title='bbox 840 3223 975 3308; x_wconf 85' lang='grc' dir='ltr'><strong>ιτσίλλην,</strong></span> <span class='ocrx_word' id='word_1_201' title='bbox 999 3231 1065 3295; x_wconf 84' lang='grc' dir='ltr'><strong>σῦς</strong></span> <span class='ocrx_word' id='word_1_202' title='bbox 1088 3217 1108 3308; x_wconf 82' lang='grc' dir='ltr'>ἡ</span> <span class='ocrx_word' id='word_1_203' title='bbox 1134 3222 1271 3310; x_wconf 72' lang='grc' dir='ltr'><strong>μεγάλη</strong></span> <span class='ocrx_word' id='word_1_204' title='bbox 1284 3243 1343 3291; x_wconf 89' lang='grc' dir='ltr'><strong>σοο</strong></span> <span class='ocrx_word' id='word_1_205' title='bbox 1367 3217 1516 3288; x_wconf 83' lang='grc' dir='ltr'><strong>αὐθεντία</strong></span> 
     </span>
     <span class='ocr_line' id='line_1_24' title="bbox 248 3343 1514 3432; baseline -0.002 -22"><span class='ocrx_word' id='word_1_206' title='bbox 248 3347 391 3432; x_wconf 83' lang='grc' dir='ltr'><strong>μπένιτης</strong></span> <span class='ocrx_word' id='word_1_207' title='bbox 414 3347 467 3409; x_wconf 80' lang='grc' dir='ltr'><strong>τάν</strong></span> <span class='ocrx_word' id='word_1_208' title='bbox 483 3345 656 3432; x_wconf 75' lang='grc' dir='ltr'><strong>λεγόμενον</strong></span> <span class='ocrx_word' id='word_1_209' title='bbox 673 3343 917 3432; x_wconf 79' lang='grc' dir='ltr'><strong>ἀποκρισιέρην,</strong></span> <span class='ocrx_word' id='word_1_210' title='bbox 942 3346 996 3410; x_wconf 87' lang='grc' dir='ltr'><strong>διὰ</strong></span> <span class='ocrx_word' id='word_1_211' title='bbox 1019 3349 1059 3410; x_wconf 87' lang='grc' dir='ltr'><strong>νά</strong></span> <span class='ocrx_word' id='word_1_212' title='bbox 1073 3348 1198 3430; x_wconf 79' lang='grc' dir='ltr'><strong>σεράση</strong></span> <span class='ocrx_word' id='word_1_213' title='bbox 1221 3343 1268 3419; x_wconf 64' lang='grc' dir='ltr'><strong>,είς</strong></span> <span class='ocrx_word' id='word_1_214' title='bbox 1285 3345 1340 3430; x_wconf 80' lang='grc' dir='ltr'><strong>τήν</strong></span> <span class='ocrx_word' id='word_1_215' title='bbox 1357 3343 1514 3431; x_wconf 82' lang='grc' dir='ltr'><strong>Φράντία,</strong></span> 
     </span>
     <span class='ocr_line' id='line_1_25' title="bbox 247 3464 1513 3556; baseline 0 -24"><span class='ocrx_word' id='word_1_216' title='bbox 247 3467 304 3532; x_wconf 82' lang='grc' dir='ltr'><strong>διὰ</strong></span> <span class='ocrx_word' id='word_1_217' title='bbox 332 3465 356 3532; x_wconf 92' lang='grc' dir='ltr'><strong>ν’</strong></span> <span class='ocrx_word' id='word_1_218' title='bbox 386 3466 512 3554; x_wconf 86' lang='grc' dir='ltr'><strong>ἀκούση</strong></span> <span class='ocrx_word' id='word_1_219' title='bbox 544 3471 602 3534; x_wconf 86' lang='grc' dir='ltr'><strong>καί</strong></span> <span class='ocrx_word' id='word_1_220' title='bbox 628 3472 668 3533; x_wconf 85' lang='grc' dir='ltr'><strong>νὰ</strong></span> <span class='ocrx_word' id='word_1_221' title='bbox 693 3467 749 3556; x_wconf 80' lang='grc' dir='ltr'><strong>ἴδη</strong></span> <span class='ocrx_word' id='word_1_222' title='bbox 778 3471 834 3534; x_wconf 88' lang='grc' dir='ltr'><strong>καί</strong></span> <span class='ocrx_word' id='word_1_223' title='bbox 869 3465 1007 3556; x_wconf 77' lang='grc' dir='ltr'><strong>ἀδελφὸν</strong></span> <span class='ocrx_word' id='word_1_224' title='bbox 1035 3477 1092 3554; x_wconf 82' lang='grc' dir='ltr'><strong>της</strong></span> <span class='ocrx_word' id='word_1_225' title='bbox 1120 3468 1306 3554; x_wconf 79' lang='grc' dir='ltr'><strong>μεηάλησοο</strong></span> <span class='ocrx_word' id='word_1_226' title='bbox 1335 3464 1513 3544; x_wconf 86' lang='grc' dir='ltr'><strong>αὐθεντίας,</strong></span> 
     </span>
    </p>

    <p class='ocr_par' dir='ltr' id='par_1_5' title="bbox 218 3587 1515 4787">
     <span class='ocr_line' id='line_1_26' title="bbox 218 3587 1515 3680; baseline -0.003 -22"><span class='ocrx_word' id='word_1_227' title='bbox 218 3667 222 3674; x_wconf 37' lang='grc'><strong>,</strong></span> <span class='ocrx_word' id='word_1_228' title='bbox 247 3595 305 3658; x_wconf 88' lang='grc' dir='ltr'><strong>καί</strong></span> <span class='ocrx_word' id='word_1_229' title='bbox 327 3601 417 3658; x_wconf 81' lang='grc' dir='ltr'><strong>πᾶσα</strong></span> <span class='ocrx_word' id='word_1_230' title='bbox 441 3592 543 3678; x_wconf 74' lang='grc' dir='ltr'><strong>ἔργον</strong></span> <span class='ocrx_word' id='word_1_231' title='bbox 564 3595 650 3658; x_wconf 84' lang='grc' dir='ltr'><strong>κατὰ</strong></span> <span class='ocrx_word' id='word_1_232' title='bbox 673 3596 729 3667; x_wconf 83' lang='grc' dir='ltr'><strong>τὰς</strong></span> <span class='ocrx_word' id='word_1_233' title='bbox 753 3595 878 3680; x_wconf 82' lang='grc' dir='ltr'><strong>γραφὰς</strong></span> <span class='ocrx_word' id='word_1_234' title='bbox 901 3588 1000 3680; x_wconf 82' lang='grc' dir='ltr'><strong>ἡμῶν,</strong></span> <span class='ocrx_word' id='word_1_235' title='bbox 1025 3589 1169 3665; x_wconf 80' lang='grc' dir='ltr'><strong>καὶπῶς</strong></span> <span class='ocrx_word' id='word_1_236' title='bbox 1194 3587 1211 3656; x_wconf 86' lang='grc' dir='ltr'><strong>δ</strong></span> <span class='ocrx_word' id='word_1_237' title='bbox 1235 3593 1416 3678; x_wconf 81' lang='grc' dir='ltr'><strong>λεγώμενος</strong></span> <span class='ocrx_word' id='word_1_238' title='bbox 1441 3589 1515 3656; x_wconf 81' lang='grc' dir='ltr'><strong>ἀσο-</strong></span> 
     </span>
     <span class='ocr_line' id='line_1_27' title="bbox 245 3712 1513 3805; baseline -0.001 -25"><span class='ocrx_word' id='word_1_239' title='bbox 245 3719 415 3802; x_wconf 86' lang='grc' dir='ltr'><strong>κρισιοίρης</strong></span> <span class='ocrx_word' id='word_1_240' title='bbox 432 3713 547 3804; x_wconf 81' lang='grc' dir='ltr'><strong>φέρνην</strong></span> <span class='ocrx_word' id='word_1_241' title='bbox 571 3715 625 3780; x_wconf 83' lang='grc' dir='ltr'><strong>διὰ</strong></span> <span class='ocrx_word' id='word_1_242' title='bbox 641 3715 757 3805; x_wconf 83' lang='grc' dir='ltr'><strong>τροφὴν</strong></span> <span class='ocrx_word' id='word_1_243' title='bbox 781 3721 837 3780; x_wconf 89' lang='grc' dir='ltr'><strong>καί</strong></span> <span class='ocrx_word' id='word_1_244' title='bbox 861 3715 1066 3802; x_wconf 80' lang='grc' dir='ltr'><strong>βλεπιοσηνην</strong></span> <span class='ocrx_word' id='word_1_245' title='bbox 1091 3723 1146 3778; x_wconf 90' lang='grc' dir='ltr'><strong>τοῦ</strong></span> <span class='ocrx_word' id='word_1_246' title='bbox 1171 3712 1446 3801; x_wconf 78' lang='grc' dir='ltr'><strong>ὲκλαμτροιτάτοο</strong></span> <span class='ocrx_word' id='word_1_247' title='bbox 1462 3713 1513 3780; x_wconf 86' lang='grc' dir='ltr'><strong>Ζο-</strong></span> 
     </span>
     <span class='ocr_line' id='line_1_28' title="bbox 248 3835 1513 3926; baseline 0 -24"><span class='ocrx_word' id='word_1_248' title='bbox 248 3839 339 3925; x_wconf 79' lang='grc' dir='ltr'><strong>ίομή,</strong></span> <span class='ocrx_word' id='word_1_249' title='bbox 365 3837 511 3926; x_wconf 75' lang='grc' dir='ltr'><strong>ἀδελφῶν</strong></span> <span class='ocrx_word' id='word_1_250' title='bbox 527 3848 583 3926; x_wconf 82' lang='grc' dir='ltr'><strong>τῆς</strong></span> <span class='ocrx_word' id='word_1_251' title='bbox 600 3835 824 3917; x_wconf 85' lang='grc' dir='ltr'><strong>αὐθεντίασοο,</strong></span> <span class='ocrx_word' id='word_1_252' title='bbox 844 3861 877 3926; x_wconf 63' lang='grc' dir='ltr'><strong>,μ</strong></span> <span class='ocrx_word' id='word_1_253' title='bbox 899 3840 1043 3902; x_wconf 85' lang='grc' dir='ltr'><strong>δοοκοίτα</strong></span> <span class='ocrx_word' id='word_1_254' title='bbox 1060 3838 1229 3922; x_wconf 86' lang='grc' dir='ltr'><strong>βτνέτοικα</strong></span> <span class='ocrx_word' id='word_1_255' title='bbox 1251 3842 1308 3906; x_wconf 88' lang='grc' dir='ltr'><strong>καί</strong></span> <span class='ocrx_word' id='word_1_256' title='bbox 1323 3841 1419 3904; x_wconf 87' lang='grc' dir='ltr'><strong>καθὰ</strong></span> <span class='ocrx_word' id='word_1_257' title='bbox 1441 3839 1513 3925; x_wconf 84' lang='grc' dir='ltr'><strong>χρί-</strong></span> 
     </span>
     <span class='ocr_line' id='line_1_29' title="bbox 247 3956 1512 4050; baseline 0.001 -22"><span class='ocrx_word' id='word_1_258' title='bbox 247 3982 301 4028; x_wconf 89' lang='grc' dir='ltr'><strong>νον</strong></span> <span class='ocrx_word' id='word_1_259' title='bbox 325 3961 369 4036; x_wconf 84' lang='grc' dir='ltr'><strong>είς</strong></span> <span class='ocrx_word' id='word_1_260' title='bbox 393 3965 449 4050; x_wconf 78' lang='grc' dir='ltr'><strong>την</strong></span> <span class='ocrx_word' id='word_1_261' title='bbox 471 3966 598 4049; x_wconf 83' lang='grc' dir='ltr'><strong>πρώτην</strong></span> <span class='ocrx_word' id='word_1_262' title='bbox 615 3969 669 4028; x_wconf 88' lang='grc' dir='ltr'><strong>τοῦ</strong></span> <span class='ocrx_word' id='word_1_263' title='bbox 693 3963 890 4048; x_wconf 85' lang='grc' dir='ltr'><strong>δικεμβρίοο,</strong></span> <span class='ocrx_word' id='word_1_264' title='bbox 914 3963 968 4026; x_wconf 88' lang='grc' dir='ltr'><strong>διά</strong></span> <span class='ocrx_word' id='word_1_265' title='bbox 992 3962 1047 4047; x_wconf 76' lang='grc' dir='ltr'><strong>τὴν</strong></span> <span class='ocrx_word' id='word_1_266' title='bbox 1072 3958 1164 4026; x_wconf 81' lang='grc' dir='ltr'><strong>ὅτιαν</strong></span> <span class='ocrx_word' id='word_1_267' title='bbox 1189 3957 1287 4048; x_wconf 81' lang='grc' dir='ltr'><strong>αὐτην</strong></span> <span class='ocrx_word' id='word_1_268' title='bbox 1310 3965 1349 4028; x_wconf 86' lang='grc' dir='ltr'><strong>νά</strong></span> <span class='ocrx_word' id='word_1_269' title='bbox 1373 3963 1474 4050; x_wconf 76' lang='grc' dir='ltr'><strong>στήλη</strong></span> <span class='ocrx_word' id='word_1_270' title='bbox 1494 3956 1512 4045; x_wconf 73' lang='grc' dir='ltr'><strong>ἡ</strong></span> 
     </span>
     <span class='ocr_line' id='line_1_30' title="bbox 248 4081 1512 4173; baseline -0.002 -23"><span class='ocrx_word' id='word_1_271' title='bbox 248 4081 403 4152; x_wconf 89' lang='grc' dir='ltr'><strong>αὐθεντία</strong></span> <span class='ocrx_word' id='word_1_272' title='bbox 438 4107 496 4151; x_wconf 80' lang='grc' dir='ltr'><strong>σοι)</strong></span> <span class='ocrx_word' id='word_1_273' title='bbox 521 4083 551 4172; x_wconf 85' lang='grc' dir='ltr'><strong>μ’</strong></span> <span class='ocrx_word' id='word_1_274' title='bbox 582 4087 747 4173; x_wconf 83' lang='grc' dir='ltr'><strong>χηληάδες</strong></span> <span class='ocrx_word' id='word_1_275' title='bbox 781 4087 925 4150; x_wconf 87' lang='grc' dir='ltr'><strong>δσοκάτα</strong></span> <span class='ocrx_word' id='word_1_276' title='bbox 960 4085 1121 4169; x_wconf 84' lang='grc' dir='ltr'><strong>βενέτικα,</strong></span> <span class='ocrx_word' id='word_1_277' title='bbox 1157 4083 1215 4150; x_wconf 88' lang='grc' dir='ltr'><strong>καί</strong></span> <span class='ocrx_word' id='word_1_278' title='bbox 1249 4088 1330 4170; x_wconf 83' lang='grc' dir='ltr'><strong>μετὰ</strong></span> <span class='ocrx_word' id='word_1_279' title='bbox 1353 4093 1454 4150; x_wconf 83' lang='grc' dir='ltr'><strong>ταῦτα</strong></span> <span class='ocrx_word' id='word_1_280' title='bbox 1477 4087 1512 4148; x_wconf 83' lang='grc' dir='ltr'><strong>νά</strong></span> 
     </span>
     <span class='ocr_line' id='line_1_31' title="bbox 247 4203 1510 4296; baseline -0.002 -24"><span class='ocrx_word' id='word_1_281' title='bbox 247 4213 324 4294; x_wconf 79' lang='grc' dir='ltr'><strong>γένη</strong></span> <span class='ocrx_word' id='word_1_282' title='bbox 348 4231 368 4296; x_wconf 90' lang='grc' dir='ltr'><strong>η</strong></span> <span class='ocrx_word' id='word_1_283' title='bbox 393 4209 478 4296; x_wconf 78' lang='grc' dir='ltr'><strong>καλὴ</strong></span> <span class='ocrx_word' id='word_1_284' title='bbox 502 4205 604 4296; x_wconf 79' lang='grc' dir='ltr'><strong>ἠρηνη</strong></span> <span class='ocrx_word' id='word_1_285' title='bbox 629 4212 668 4293; x_wconf 83' lang='grc' dir='ltr'><strong>μέ</strong></span> <span class='ocrx_word' id='word_1_286' title='bbox 691 4210 843 4294; x_wconf 84' lang='grc' dir='ltr'><strong>καθαρὰν</strong></span> <span class='ocrx_word' id='word_1_287' title='bbox 867 4207 1014 4294; x_wconf 89' lang='grc' dir='ltr'><strong>καρδίαν.</strong></span> <span class='ocrx_word' id='word_1_288' title='bbox 1038 4203 1248 4295; x_wconf 80' lang='grc' dir='ltr'><strong>ἡψηλοίταται</strong></span> <span class='ocrx_word' id='word_1_289' title='bbox 1271 4203 1424 4296; x_wconf 76' lang='grc' dir='ltr'><strong>αὐθέντῃ,</strong></span> <span class='ocrx_word' id='word_1_290' title='bbox 1448 4211 1510 4293; x_wconf 80' lang='grc' dir='ltr'><strong>γρί·</strong></span> 
     </span>
     <span class='ocr_line' id='line_1_32' title="bbox 247 4327 1511 4420; baseline -0.002 -24"><span class='ocrx_word' id='word_1_291' title='bbox 247 4349 304 4396; x_wconf 88' lang='grc' dir='ltr'><strong>κον</strong></span> <span class='ocrx_word' id='word_1_292' title='bbox 329 4341 430 4397; x_wconf 87' lang='grc' dir='ltr'><strong>ταῦτα</strong></span> <span class='ocrx_word' id='word_1_293' title='bbox 457 4335 576 4396; x_wconf 84' lang='grc' dir='ltr'><strong>καὶτὰ</strong></span> <span class='ocrx_word' id='word_1_294' title='bbox 600 4336 750 4420; x_wconf 79' lang='grc' dir='ltr'><strong>φρόνημα</strong></span> <span class='ocrx_word' id='word_1_295' title='bbox 776 4333 882 4417; x_wconf 77' lang='grc' dir='ltr'><strong>λύγηα</strong></span> <span class='ocrx_word' id='word_1_296' title='bbox 905 4339 960 4394; x_wconf 88' lang='grc' dir='ltr'><strong>τοῦ</strong></span> <span class='ocrx_word' id='word_1_297' title='bbox 986 4328 1209 4416; x_wconf 75' lang='grc' dir='ltr'><strong>ἀτοκρησισίρη</strong></span> <span class='ocrx_word' id='word_1_298' title='bbox 1231 4327 1275 4404; x_wconf 79' lang='grc' dir='ltr'><strong>ὣς</strong></span> <span class='ocrx_word' id='word_1_299' title='bbox 1297 4330 1389 4418; x_wconf 89' lang='grc' dir='ltr'><strong>φίλος</strong></span> <span class='ocrx_word' id='word_1_300' title='bbox 1413 4328 1511 4418; x_wconf 83' lang='grc' dir='ltr'><strong>ὐφθος</strong></span> 
     </span>
     <span class='ocr_line' id='line_1_33' title="bbox 247 4452 1510 4542; baseline -0.003 -24"><span class='ocrx_word' id='word_1_301' title='bbox 247 4457 304 4518; x_wconf 87' lang='grc' dir='ltr'><strong>καί</strong></span> <span class='ocrx_word' id='word_1_302' title='bbox 330 4457 501 4540; x_wconf 83' lang='grc' dir='ltr'><strong>καθαρῶς,</strong></span> <span class='ocrx_word' id='word_1_303' title='bbox 527 4453 712 4542; x_wconf 84' lang='grc' dir='ltr'><strong>ἐδέχθημεν</strong></span> <span class='ocrx_word' id='word_1_304' title='bbox 735 4458 792 4520; x_wconf 81' lang='grc' dir='ltr'><strong>καί</strong></span> <span class='ocrx_word' id='word_1_305' title='bbox 816 4452 986 4540; x_wconf 80' lang='grc' dir='ltr'><strong>ἐπενοῦμεν</strong></span> <span class='ocrx_word' id='word_1_306' title='bbox 1011 4455 1065 4541; x_wconf 77' lang='grc' dir='ltr'><strong>τὴν</strong></span> <span class='ocrx_word' id='word_1_307' title='bbox 1083 4457 1231 4540; x_wconf 84' lang='grc' dir='ltr'><strong>φριύνισιν</strong></span> <span class='ocrx_word' id='word_1_308' title='bbox 1255 4465 1310 4540; x_wconf 76' lang='grc' dir='ltr'><strong>τῆς</strong></span> <span class='ocrx_word' id='word_1_309' title='bbox 1335 4455 1510 4540; x_wconf 60' lang='grc' dir='ltr'><strong>μεγαλησοο</strong></span> 
     </span>
     <span class='ocr_line' id='line_1_34' title="bbox 248 4572 1508 4666; baseline 0.004 -24"><span class='ocrx_word' id='word_1_310' title='bbox 248 4572 433 4656; x_wconf 88' lang='grc' dir='ltr'><strong>αὐθεντίας,</strong></span> <span class='ocrx_word' id='word_1_311' title='bbox 461 4577 559 4652; x_wconf 81' lang='grc' dir='ltr'><strong>διότις</strong></span> <span class='ocrx_word' id='word_1_312' title='bbox 588 4579 710 4653; x_wconf 82' lang='grc' dir='ltr'><strong>ἔστιλες</strong></span> <span class='ocrx_word' id='word_1_313' title='bbox 734 4575 834 4665; x_wconf 83' lang='grc' dir='ltr'><strong>ἄρχον</strong></span> <span class='ocrx_word' id='word_1_314' title='bbox 863 4581 1023 4666; x_wconf 85' lang='grc' dir='ltr'><strong>φρίνημον</strong></span> <span class='ocrx_word' id='word_1_315' title='bbox 1051 4583 1108 4643; x_wconf 84' lang='grc' dir='ltr'><strong>καὶ</strong></span> <span class='ocrx_word' id='word_1_316' title='bbox 1136 4575 1236 4656; x_wconf 73' lang='grc' dir='ltr'><strong>ἀξιον,</strong></span> <span class='ocrx_word' id='word_1_317' title='bbox 1265 4581 1305 4644; x_wconf 87' lang='grc' dir='ltr'><strong>νά</strong></span> <span class='ocrx_word' id='word_1_318' title='bbox 1333 4579 1448 4666; x_wconf 60' lang='lat' dir='ltr'><strong>circam</strong></span> <span class='ocrx_word' id='word_1_319' title='bbox 1470 4575 1508 4647; x_wconf 73' lang='grc' dir='ltr'><strong>τίς</strong></span> 
     </span>
     <span class='ocr_line' id='line_1_35' title="bbox 247 4696 1510 4787; baseline 0 -25"><span class='ocrx_word' id='word_1_320' title='bbox 247 4701 303 4785; x_wconf 80' lang='grc' dir='ltr'><strong>τὴν</strong></span> <span class='ocrx_word' id='word_1_321' title='bbox 336 4697 498 4784; x_wconf 82' lang='grc' dir='ltr'><strong>Φράντία.</strong></span> <span class='ocrx_word' id='word_1_322' title='bbox 535 4703 619 4766; x_wconf 82' lang='grc' dir='ltr'><strong>κατὰ</strong></span> <span class='ocrx_word' id='word_1_323' title='bbox 652 4705 687 4765; x_wconf 82' lang='grc' dir='ltr'><strong>τὸ</strong></span> <span class='ocrx_word' id='word_1_324' title='bbox 717 4701 848 4786; x_wconf 81' lang='grc' dir='ltr'><strong>θέλημα</strong></span> <span class='ocrx_word' id='word_1_325' title='bbox 876 4709 931 4786; x_wconf 78' lang='grc' dir='ltr'><strong>τῆς</strong></span> <span class='ocrx_word' id='word_1_326' title='bbox 967 4696 1220 4787; x_wconf 80' lang='grc' dir='ltr'><strong>ἠψηλωτάτησοο</strong></span> <span class='ocrx_word' id='word_1_327' title='bbox 1239 4697 1430 4778; x_wconf 82' lang='grc' dir='ltr'><strong>.αὐθτντίας</strong></span> <span class='ocrx_word' id='word_1_328' title='bbox 1461 4699 1510 4766; x_wconf 85' lang='grc' dir='ltr'><strong>καὶ</strong></span> 
     </span>
    </p>
   </div>
   <div class='ocr_carea' id='block_1_5' title="bbox 0 0 1586 5264">
    <p class='ocr_par' dir='ltr' id='par_1_6' title="bbox 0 0 1586 5264">
     <span class='ocr_line' id='line_1_36' title="bbox 0 0 1586 5264; baseline 0 1"><span class='ocrx_word' id='word_1_329' title='bbox 0 0 1586 5264; x_wconf 95' lang='lat' dir='ltr'><strong> </strong></span> 
     </span>
    </p>
   </div>
  </div>
 </body>
</html>
