3148 5268
239 377 302 442 108

233 593 286 636 σαι
314 570 358 644 είς
385 551 523 635 ἕκαστον
559 575 674 636 τούτων
707 573 826 659 πλῆρες
853 577 909 637 καί
938 571 1088 657 ἀκέραιον
1123 573 1159 636 τύ
1193 571 1318 635 δίκαιον
1346 572 1408 635 ἀπὸ
1439 581 1503 634 τῶν

231 697 423 780 πραγμάτων
452 705 511 759 τῶν
540 698 689 761 τοιούτων
716 697 888 763 δανειστῶν
915 695 1098 762 Βενετίκων.
1130 695 1176 760 ίτι
1204 696 1259 781 τήν
1287 699 1416 782 ζήτησιν
1445 697 1504 758 καί

232 815 362 904 ύφειλήν
379 817 522 894 Ἀλεξίου
538 828 593 883 τού
609 817 817 897 Τξουλιυίνου,
843 824 1010 906 ζητοῦντος
1034 821 1142 905 λίτρας
1159 822 1400 904 τεσσαράκοντα
1423 823 1502 882 τέσ-

232 963 333 1025 σαρας
360 941 414 1004 διὰ
441 943 604 1006 δουκίίτων
629 945 832 1026 βενττικικῶν
862 943 906 1014 τίς
926 942 1153 1030 ίκανοποίησιν
1177 953 1237 1008 τῶν
1261 945 1371 1008 τούτου
1393 940 1502 1024 δσπη-

232 1070 318 1138 τίων,
347 1067 369 1130 ἃ
396 1067 592 1140 δυναστικῶς
623 1065 798 1154 ἐκράτησεν
828 1067 845 1133 δ
872 1070 1087 1154 περιπόθητος
1122 1069 1212 1140 θείας
1246 1076 1300 1152 τῆς
1332 1067 1503 1150 βασιλείας

232 1213 302 1275 μου,
337 1197 396 1276 κδρ
431 1183 643 1276 Ἀνδρόνικος
669 1189 893 1272 Παλαιολύγος
924 1189 942 1256 ὃ
969 1191 1124 1279 Ἀσάνης,
1160 1181 1402 1278 ύποσχεθέντων
1437 1203 1502 1256 τῶν

231 1311 389 1400 ήμετέρων
423 1317 585 1401 πρέσβεων
620 1315 822 1403 ἀντιστρίφαι
857 1319 909 1380 τόν
944 1325 1085 1382 τοιούτον
1120 1315 1260 1402 Ἀσοίνην
1298 1319 1337 1380 τὰ
1367 1325 1504 1380 τοιαῦτα

232 1437 369 1525 ύσπήτια
392 1443 477 1504 κατὰ
501 1442 556 1527 τήν
579 1444 776 1506 κατάστασιν
799 1441 837 1528 ἣν
860 1436 1062 1528 ηύρίσκοντο,
1094 1437 1148 1505 ὅτε
1172 1438 1403 1527 ἐκρατήθησαν
1425 1437 1502 1525 παρ’

232 1559 340 1640 αύτοῶ,
363 1561 391 1650 ή
407 1566 546 1650 δοθήναι
569 1565 677 1652 λίτρας
698 1569 1095 1651 τέσσαρακοντατέσσαρας
1111 1565 1166 1629 διὰ
1191 1565 1356 1629 δουκοίτιον
1379 1567 1503 1648 βενετι-

231 1697 329 1752 κικῶν
353 1687 398 1760 είς
421 1687 640 1776 ίκανοπυίησιν
668 1673 893 1754 τῶντοιούτων
916 1687 1085 1776 ύσπητίων·
1109 1693 1189 1774 μετὰ
1212 1689 1248 1756 δὲ
1271 1689 1327 1774 τήν
1350 1691 1501 1775 τοιαύτην

233 1813 428 1876 κατάστασιν
453 1809 507 1878 ἵνα
535 1809 552 1876 ύ
578 1808 691 1900 ῥηθείς
719 1815 892 1899 μπαίούλος
927 1811 1077 1898 ἐνίχηπαι
1104 1811 1160 1877 καὶ
1183 1811 1296 1901 δφτίλη
1319 1814 1438 1900 πλήρες
1464 1815 1501 1876 τὸ

231 1937 354 2001 δίκαιον
385 1936 430 2010 τίς
465 1933 545 2023 ἅπερ
570 1935 586 2003 δ
610 1938 802 2026 διαληφθεὶς
836 1943 896 2022 κύρ
924 1935 1063 2024 Ἀσάνης
1092 1940 1225 2024 ξητήση,
1260 1947 1390 2025 ποιήσαι
1419 1941 1503 2023 μετὰ

231 2065 285 2125 ποῶ
310 2059 436 2125 δικαίου
461 2059 523 2126 ἀπὸ
548 2067 602 2125 τοῦ
626 2063 769 2127 τοιούτου
791 2059 935 2137 Ἀλεξίου
958 2065 1014 2125 καί
1036 2059 1212 2126 ἀποδοῦναι
1235 2069 1334 2125 ταῦτα
1356 2059 1419 2126 ἀπὸ
1436 2073 1501 2126 τῶν

229 2189 421 2270 πραγμάτων
445 2191 499 2249 τὀύ
524 2179 621 2250 αύτού
644 2184 794 2262 Ἀλεξίου.
820 2180 866 2249 ἔτι
889 2187 945 2272 τήν
970 2187 1100 2272 ζήτησιν
1122 2190 1178 2250 καί
1201 2181 1332 2273 ύφειλήν
1355 2195 1410 2250 τού
1436 2180 1501 2272 ῥη-

230 2309 344 2381 θέντος
369 2307 525 2386 Ἀλεξίου,
551 2313 718 2397 ζητοῦντος
742 2305 901 2395 ύπίρπυρα
926 2313 1094 2396 τριακόσια
1122 2309 1167 2382 εὶς
1196 2307 1414 2396 ίκανυποίησιν
1437 2319 1503 2373 τῶν

230 2429 387 2519 ύοπητίων
412 2429 509 2498 αύτού
533 2443 592 2498 τῶν
616 2437 841 2521 κρατηθέντων
865 2430 985 2520 ὁρισμῷ
1007 2423 1062 2520 τῆς
1087 2434 1254 2517 βασιλείας
1277 2455 1338 2518 μου
1360 2437 1417 2498 καί
1440 2434 1502 2498 δο-

229 2558 349 2620 θέντων
374 2567 436 2630 τοῖς
451 2556 739 2644 Πρυβεντξιαλίοις,
765 2551 1008 2645 ύποσχεθέντυιν
1032 2567 1092 2621 τῶν
1115 2557 1358 2646 διαληφθέντων
1380 2552 1503 2643 ήμετέ-

231 2701 292 2765 ρων
319 2683 479 2766 πρέσβεων
507 2678 753 2769 ἀναστραφῆναι
782 2691 880 2746 ταῦτα
906 2684 983 2767 πρὸς
1006 2683 1060 2746 τὸν
1082 2689 1224 2748 τοιοῦτον
1248 2679 1388 2756 Ἀλέξιον
1411 2685 1503 2746 κατὰ

231 2806 285 2890 τήν
318 2809 514 2871 κατάστασιν
541 2806 579 2892 ήν
607 2802 812 2892 ηύρίσκοντο,
845 2803 898 2870 ὅτε
928 2803 1172 2892 ἐκρατήθησαν,
1206 2802 1227 2892 ή
1256 2805 1395 2893 δοθῆναι
1423 2807 1506 2891 πρὸς

228 2931 282 2994 τὸν
306 2927 402 2994 αύτύν
425 2917 565 3006 Ἀλέξιον
590 2937 629 2995 τοί
653 2939 783 2996 τοιαῦτα
807 2926 976 3016 ύπέρπυρα.
1003 2929 1049 2994 ἔτι
1072 2931 1127 3016 τήν
1148 2933 1279 3017 ζήτησιν
1295 2933 1351 2994 καί
1367 2928 1504 3018 δφειλήν

229 3061 284 3117 τοῦ
310 3054 366 3140 σύρ
390 3051 526 3119 Κῶνατα
545 3053 688 3141 Μιχέλη,
714 3059 881 3142 ζητοῦντος
909 3052 1070 3141 ύπέρπυρα-
1094 3056 1290 3119 πεντακόσια
1317 3053 1361 3126 είς
1389 3051 1501 3118 ίιιανυ·

228 3182 354 3265 ποίησιν
377 3183 527 3266 κοφινίων
550 3180 725 3265 δεκατριῶν
750 3185 910 3266 μαστίχης
935 3182 1161 3266 κρατηθέντων
1184 3183 1270 3264 παρὰ
1293 3199 1501 3264 κομμερτιια-

229 3307 297 3387 ρίου
315 3311 369 3366 τού
385 3299 531 3390 Κεφαλᾱ.
557 3303 603 3367 ἔτι
626 3303 662 3367 δὲ
686 3301 743 3368 καί
766 3299 924 3390 ύπέρπυρα
948 3299 1123 3367 ἑπτακόσια
1139 3302 1186 3374 είς
1203 3300 1421 3388 ίκανοποίησιν
1440 3307 1500 3390 ζη-

229 3429 313 3510 μίας,
338 3421 405 3510 ήτις
423 3423 548 3505 ἐγένετο
566 3424 651 3512 αύτῷ
669 3426 712 3500 εὶς
729 3429 783 3514 τήν
800 3425 909 3512 ἑτέραν
927 3431 1086 3513 μαστίχην
1110 3422 1217 3502 αὐτοῦ,
1234 3427 1284 3490 διὸ
1302 3423 1499 3513 ένειιοδίσθη

227 3551 313 3632 παρὰ
337 3557 392 3613 τοῦ
417 3547 584 3635 εἰρημένου
607 3556 859 3637 κομμερκιαρίου
885 3559 939 3616 τοῦ
962 3549 1099 3638 Κεφαλᾱ
1123 3543 1269 3633 ἐκβαλεῖν
1293 3551 1409 3636 ταύτην
1433 3549 1499 3614 ἀπὸ

228 3677 284 3756 τῆς
305 3671 406 3759 πύλης
430 3681 486 3760 της
508 3674 632 3747 πόλεως
654 3679 710 3739 καί
730 3671 915 3739 ἀποστεῖλαι
936 3669 1044 3760 αύτήν,
1069 3671 1224 3740 ἔνθακαί
1238 3673 1427 3760 διτπῶλησε,
1454 3675 1499 3760 μή

228 3797 478 3882 σοντηρηθέντος
496 3808 551 3864 τοῦ
568 3791 723 3884 ῥηθέντος
739 3797 876 3887 Κεφαλᾱ
893 3798 938 3871 είς
955 3799 1009 3885 τήν
1026 3802 1206 3885 συμφωνίαν
1222 3802 1279 3861 καί
1295 3799 1499 3882 συμβίβασιν,

226 3919 264 4006 ήν
289 3917 461 4007 ἐποιήσατο
486 3925 566 4007 μετὰ
578 3913 641 3986 Ιτοῦ
658 3924 800 3986 τοιούτου
820 3923 879 4008 σύρ
894 3921 1041 3998 Κῶνστα,
1060 3924 1116 3986 καὶ
1132 3917 1360 4007 ύπτσχίθησαν
1377 3919 1435 3986 καὶ
1451 3921 1499 3995 είς

227 4053 326 4110 ταυτα
350 4043 380 4108 σί
402 4041 552 4132 ἡμέτεροι
574 4048 734 4131 πρέσβεις,
759 4048 898 4132 δοθῆναι
920 4048 999 4132 πρὸς
1020 4047 1074 4110 τὸν
1097 4044 1237 4110 τοιοῦτον
1261 4065 1322 4133 συρ·
1341 4044 1498 4114 Κῶνσταν

226 4173 312 4254 παρὰ
328 4179 383 4235 τοῦ
400 4173 543 4236 τοιούτου
558 4167 694 4257 Κεφαλσ
710 4174 750 4234 τὰ
767 4167 1033 4257 ἀναγεγραμμένα
1048 4173 1242 4234 πεντακόσια
1266 4165 1426 4256 ύπέρπυρα
1450 4171 1498 4246 τίς

228 4293 445 4380 ίκανοποίησιν
467 4305 527 4360 τῶν
550 4297 724 4380 δεκατριῶν
733 4299 887 4382 ’κοφινίων
911 4305 966 4381 ιής
983 4297 1152 4381 μαστίχης.
1175 4297 1246 4380 περί
1260 4296 1296 4358 δέ
1313 4305 1368 4383 τῆς
1392 4293 1498 4380 ἄλλης

229 4420 391 4504 ζητήσεως
414 4429 475 4483 τῶν
491 4416 694 4484 -ίπταιιοσίων
718 4415 912 4504 ύπεριτύρων,
934 4413 988 4482 ἵνα
1010 4419 1124 4491 καθιδς
1148 4418 1262 4494 ἔταξαν
1286 4417 1316 4483 οί
1340 4414 1497 4506 ῥηθέντες

226 4537 376 4628 ήμίτιροι
398 4545 555 4628 πρέσβεις,
577 4542 634 4629 ἴδη
658 4541 675 4608 δ
700 4539 812 4630 ῥηθείς
840 4543 1016 4630 μπαῐούλος
1038 4545 1095 4616 τὰς
1118 4543 1292 4628 διαφωνίας
1315 4547 1371 4616 τὰς
1396 4549 1497 4627 μέσον

227 4673 282 4728 τού
305 4664 362 4749 σύρ
385 4663 522 4731 Κῶνστα
547 4671 603 4732 καί
629 4675 684 4730 τοῦ
712 4668 856 4730 τοιούτου
879 4665 1028 4753 Κτφαλοί,
1052 4669 1110 4730 καί
1136 4665 1186 4732 έπί
1214 4667 1335 4740 τούτοις
1355 4663 1431 4731 ὅσον
1456 4666 1498 4732 ἂν

227 4797 317 4876 φανηΥ
335 4784 419 4875 αύτῷ
442 4788 522 4855 είναι
545 4791 680 4867 δίκαιον,
705 4788 916 4876 ἀποφήνηται,
940 4791 996 4854 καὶ
1019 4787 1083 4876 ίχη
1099 4799 1192 4856 τοῦτο
1209 4792 1244 4854 τύ
1261 4795 1401 4876 στέργον.
1426 4787 1497 4856 δσ-
