3182 5264
266 337 309 401 36

264 540 331 602 ταῖς
355 531 515 603 τοιαύταις
536 535 781 619 πραγματείαις,
805 533 919 607 καθως
943 531 1023 607 ἔθος
1047 531 1112 598 ίστί
1136 534 1283 616 γίνεσθαι
1310 536 1368 598 καί
1392 529 1443 598 ίπὶ
1470 541 1542 603 τοῖς

263 656 385 728 λυιπυίς
412 653 561 728 Λατίνοις
589 666 653 731 τυῑς
681 661 1002 744 κυμμερκτυομένυις.
1032 662 1088 722 καί
1116 655 1171 721 ἐὰν
1201 658 1311 722 πλοῖον
1335 656 1541 722 Γενυυῑτικόν

264 775 317 867 ἀφ’
335 776 530 866 υἱουδίμινος
550 781 647 845 τόπου
669 781 845 870 έρχόμτνυν
869 779 915 855 είς
938 780 1114 868 Ῥωμανίαν
1138 781 1325 867 κινδυνεύσῃ
1348 785 1405 846 καί
1428 782 1542 867 συμβῇ

263 905 416 968 τινὰτῶν
441 899 473 966 έν
503 899 587 990 αὐτῷ
619 907 814 992 πραγμάτων
843 903 1059 993 ἀφαιρεθῆναι
1093 901 1151 970 ὑπό
1186 926 1291 983 τινων,
1324 902 1377 970 ἵνα
1411 909 1543 992 γίνηται

262 1029 341 1112 πρὸς
369 1035 469 1092 ταῦτα
497 1035 553 1114 της
583 1029 747 1112 βασιλείας
776 1052 837 1115 μου
861 1029 1027 1116 έκδίκησις
1055 1033 1112 1094 καί
1139 1013 1338 1103 έπαναίσιισις
1372 1039 1431 1096 τῶν
1467 1053 1542 1094 τοι·

261 1153 359 1218 υότιυν
383 1155 586 1238 πραγμάτων.
616 1151 644 1216 τί
672 1153 700 1216 δ’
725 1153 804 1227 ἴσως
829 1156 934 1242 συμβη
962 1165 1092 1219 πταῖσαι
1120 1157 1206 1228 τινὰς
1228 1151 1254 1218 Γ
1255 1151 1397 1228 ενουῒτας
1426 1150 1541 1218 ὁπωσ-

260 1276 394 1362 δήποτε,
424 1271 483 1340 υόκ
512 1273 692 1364 ὀφείλουσιν
720 1281 888 1363 κρίνεσθαι
910 1281 997 1363 παρά
1024 1297 1107 1350 τινος
1130 1275 1239 1363 ἑτέρου
1267 1274 1476 1358 ἀλλογενοός,
1512 1277 1542 1342 εί

250 1401 306 1492 Ιμη
329 1403 416 1485 παρὰ
440 1409 495 1486 τῆς
519 1397 619 1486 αόλης
643 1409 699 1487 τῆς
724 1403 888 1486 βασιλείας
912 1425 982 1488 μου,
1004 1403 1260 1488 προκαθημένων
1285 1401 1433 1489 δηλονότι
1454 1401 1540 1467 Ῥω-

261 1530 364 1612 μαίων
387 1535 546 1605 συγγενῶν
569 1523 590 1614 ἢ
614 1531 670 1590 καί
695 1525 872 1613 ἀνθρώπων
896 1536 951 1614 της
975 1529 1140 1611 βασιλείας
1157 1549 1227 1614 μου,
1250 1532 1307 1592 καί
1322 1526 1375 1592 ἵνα
1391 1529 1434 1614 μὴ
1451 1549 1538 1594 κατ·

260 1653 377 1736 έχηται
405 1647 450 1722 τίς
478 1649 622 1737 φυλακην
648 1646 665 1712 ὁ
689 1655 824 1724 πταίσας
847 1653 906 1737 πρό
930 1655 1080 1737 κρίσεως,
1105 1650 1189 1737 εἴπερ
1213 1651 1340 1716 δίδωσιν
1364 1649 1537 1738 ἐγγυητήν·

257 1774 287 1840 εἰ
309 1775 345 1838 δέ
370 1776 413 1862 μη
438 1775 565 1838 δίδωσιν
590 1773 758 1863 ἐγγυητὴν,
781 1774 834 1840 ἵνα
857 1781 1036 1863 κατέχηται
1061 1779 1117 1862 μέν
1141 1776 1188 1848 εὶς
1216 1777 1378 1864 φυλακην,
1408 1774 1536 1860 ἐκβάλ-

258 1903 353 1988 ληται
380 1901 415 1964 δέ
439 1905 495 1965 καί
528 1897 689 1988 κρίνηται,
726 1906 838 1988 μέχρις
866 1899 903 1968 ἂν
932 1906 1061 1989 γένηται
1085 1899 1246 1991 ἀπόφασις
1270 1899 1316 1966 ἐπ’
1349 1897 1443 1988 αότῷ.
1477 1903 1537 1967 σόν

256 2027 392 2102 τοότυις,
419 2021 473 2088 ἵνα
502 2021 738 2112 ἀπυστέλληται
767 2029 848 2112 μετὰ
876 2025 1085 2112 παραδρομὴν
1111 2028 1203 2090 πέντε
1227 2023 1375 2090 ένιαυτῶν
1401 2027 1536 2110 βτστια-

256 2155 343 2238 ρίτης
360 2159 415 2237 τῆς
431 2152 597 2234 βασιλείας
622 2173 682 2236 μου
706 2151 751 2224 είς
775 2149 938 2239 ἐκδίκησιν
962 2161 1022 2215 τῶν
1046 2149 1232 2228 Γενυυῐτῶν,
1256 2149 1318 2215 κᾶν
1341 2149 1372 2214 οἱ
1394 2161 1537 2216 τοιοῦτοι

255 2274 417 2354 ίγκαλωσι
441 2287 479 2362 τη
504 2275 651 2359 βασιλεία
677 2297 747 2361 μου.
773 2273 858 2361 εἴπερ
882 2271 936 2340 οὖν
960 2277 995 2340 τό
1019 2284 1076 2362 τῆς
1096 2273 1235 2348 Γτνοόας
1256 2272 1341 2339 ἅπαν
1361 2275 1535 2360 πληρομα,

255 2395 272 2462 δ
297 2395 547 2486 ἀρχιεπίσιιυπος
576 2399 732 2486 [δηλα]δὴ
756 2401 812 2463 καί
836 2397 865 2464 οἱ
887 2399 1058 2464 κόνσυυλοι
1080 2403 1137 2462 καί
1158 2393 1179 2484 ἡ
1202 2398 1331 2485 πληθὺς
1357 2408 1446 2464 πᾶσα
1476 2408 1536 2484 τῆς

254 2522 434 2607 [Γενοόας],
459 2523 514 2610 την
544 2529 631 2611 παρὰ
663 2534 718 2590 τοῦ
750 2523 991 2610 ἀποκρισιαρίυυ
1023 2519 1125 2590 αὐτῶν
1149 2537 1315 2605 γεγονυῖαν
1346 2529 1534 2614 συμφωνίαν

251 2650 503 2738 προσδεξάμενοι
527 2651 827 2738 συνεκπληριέσουσι
850 2652 966 2748 ταύτην
987 2653 1043 2714 καί
1067 2648 1234 2739 ἐγγράφως
1256 2653 1427 2738 ποιήσουσι
1449 2653 1533 2716 ταό-

253 2795 310 2860 την
333 2778 390 2838 καί
414 2773 606 2860 έπυμόσεται
628 2777 714 2838 κατὰ
737 2777 795 2846 τός
818 2775 1007 2860 έγκειμένας
1031 2769 1112 2861 αὐτῇ
1136 2773 1304 2850 διαστίξεις
1326 2777 1443 2858 σῶ[αν]
1470 2797 1534 2862 τη-

255 2909 316 2985 ρεῖν
346 2895 443 2985 αὐτὴν
472 2903 528 2962 καί
558 2897 832 2984 ἀπαράθραυστον
861 2896 905 2970 είς
933 2900 985 2962 τόν
1013 2897 1113 2962 αἰῶνα
1141 2901 1194 2967 τόν
1218 2895 1342 2965 ἅπαντα
1367 2897 1413 2972 εἰς
1437 2900 1534 2986 τιμην

253 3032 309 3110 της
334 3024 499 3107 βασιλείας
526 3019 616 3110 ἡμῶν
644 3025 700 3087 καί
726 3031 783 3109 της
807 3019 998 3118 Ῥωμανίας,
1023 3025 1138 3108 βέβαια
1169 3027 1448 3112 σοντηρηθησεται
1475 3028 1535 3090 καί

252 3151 339 3232 παρὰ
378 3156 434 3233 τῆς
466 3147 646 3232 βασιλ[είας
674 3167 735 3232 μου
773 3149 813 3210 τὰ
849 3144 1008 3233 ἀνυ]τέρο
1048 3147 1245 3234 δηλούμενα,
1281 3158 1335 3213 τοῦ
1373 3151 1534 3236 παρόντος

253 3273 494 3359 χρυσυβοόλλυυ
517 3274 616 3353 λόγου
639 3281 695 3358 της
719 3273 883 3356 βασιλείας
908 3293 968 3358 μου
992 3274 1123 3356 βεβαίου
1146 3277 1202 3338 καί
1226 3271 1393 3363 ἀσφαλοῦς
1416 3275 1534 3360 διαμέ-

253 3418 316 3463 νειν
360 3395 551 3486 όφείλοντος.
591 3394 812 3484 Μανουήλ
851 3397 895 3460 έν
932 3397 1111 3484 Χριστῷ
1147 3397 1201 3484 τῷ
1238 3397 1328 3482 θεῷ
1364 3402 1533 3470 πιστός

254 3521 481 3606 βασιλεὺς
515 3525 958 3609 πορφυρογέννητος
992 3525 1069 3586 καί
1104 3516 1409 3607 αὐτοκράτωρ
1436 3517 1532 3586 Ῥω-

258 3643 725 3733 μαίωνδΚυμνηνός.

343 3767 647 3857 Συντηρηθησονται
663 3773 765 3833 τοίνυν
782 3771 821 3832 τὰ
838 3765 1211 3854 ἀναγεγραμμέναπάντα
1233 3769 1348 3854 βέβαια
1366 3771 1455 3856 παρὰ
1474 3779 1532 3856 τῆς

254 3895 419 3977 βασιλείας
443 3913 505 3979 μου
520 3897 577 3958 καί
592 3903 653 3958 τῶν
669 3893 876 3980 κληρονόμων
893 3895 950 3956 καί
965 3891 1125 3978 διαδόχων
1142 3888 1241 3978 αὐτῆς
1256 3896 1312 3958 καί
1328 3902 1384 3980 τῆς
1399 3891 1531 3980 Ῥωμα-

253 4021 333 4094 νίας,
358 4015 445 4103 εἴπερ
467 4021 524 4081 καί
548 4013 565 4081 ό
589 4013 632 4080 ὢν
656 4013 862 4104 έξυυσιαστης
885 4013 918 4081 έν
941 4014 985 4104 τῷ
1011 4017 1140 4102 κτίστριρ
1156 4019 1213 4081 καί
1229 4027 1268 4103 τῇ
1284 4020 1375 4104 χώρα
1390 4016 1533 4092 Γινοιίας

255 4146 311 4208 καί
332 4141 361 4206 οἱ
381 4143 551 4208 κόνσουλυι
573 4146 630 4206 καί
653 4140 683 4207 οί
706 4143 880 4229 σύμβουλοι
902 4145 959 4206 καί
975 4139 1005 4206 οἱ
1021 4144 1197 4228 σενάτιιρες
1212 4146 1269 4208 καί
1284 4142 1315 4208 οἱ
1330 4145 1436 4210 λοιποί
1449 4149 1532 4232 πρό-

252 4289 354 4356 κριτοι
369 4273 425 4334 καί
442 4265 520 4334 αότό
537 4270 573 4333 τό
588 4270 696 4333 κοινόν
711 4277 767 4354 τῆς
782 4267 931 4345 Γενοόας,
947 4268 1200 4353 παραδεξάμενοι
1215 4272 1255 4335 τὰ
1269 4273 1357 4356 παρὰ
1373 4280 1434 4335 τῶν
1451 4269 1531 4336 ἀνα-

254 4395 483 4481 γεγραμμένον
501 4390 749 4478 ἀποκρισιαρίυιν
771 4389 873 4457 αότῶν
890 4393 1143 4479 συμφωνηθέντα
1159 4395 1215 4456 καί
1231 4391 1435 4480 έπυμυθέντα
1450 4399 1531 4482 πρός

252 4517 307 4602 τήν
324 4519 489 4600 βασιλείαν
505 4536 566 4604 μου
589 4519 645 4580 καί
667 4516 741 4590 τοός
764 4517 985 4604 κληρονόμους
1001 4519 1058 4580 καί
1073 4515 1247 4603 διαδόχους
1265 4515 1362 4605 αὐτῆς
1378 4524 1435 4584 καί
1450 4523 1531 4605 πρός

252 4637 351 4730 αότην
368 4645 423 4730 την
439 4639 630 4730 Ῥωμανίαν,
648 4645 895 4730 συμφονησυυσι
912 4650 1012 4706 ταῦτα
1027 4643 1083 4705 καί
1099 4643 1270 4731 σωματικῷ
1292 4645 1529 4732 διαβεβαιώσυν

251 4785 303 4836 ται
320 4763 405 4854 ὅρκῳ
420 4771 476 4832 καί
499 4765 659 4854 ἔγγραφον
682 4764 717 4829 δὲ
735 4767 853 4830 τούτων
875 4766 1074 4852 περιτκτιιιόν
1098 4763 1137 4829 έκ
1162 4815 1168 4830 .
1194 4816 1201 4831 .
1229 4819 1235 4831 .
1260 4767 1383 4856 reliqua
1400 4769 1527 4838 desunt.
