3132 5268
1249 351 1316 415 223

54 537 188 622 χρῆσθαι
213 548 279 611 τοῖς
302 537 440 612 δικαίοις
464 535 566 604 αὐτῶν
590 536 668 606 καθ’
693 539 886 628 οίωνῦηαοτε
919 539 1094 608 Βενεείκων
1117 552 1234 608 πιστῶν
1256 547 1314 608 καί

54 659 302 750 ὑποτεταγμένων
331 664 374 751 κιρ
400 664 488 750 κορῴ
515 665 606 730 ῦουκί
634 670 690 732 καί
717 665 761 753 τῷ
788 665 966 752 κουμουνίερ
990 665 1142 740 Βενεείας
1165 664 1313 756 ῦρειλόν-

52 805 103 848 των
135 781 258 864 αὐτοῖς,
294 786 407 853 οίστιοι
442 790 481 876 δὴ
516 787 686 874 Ῥωμαίοις
721 787 737 854 ὁ
765 799 824 876 κῦρ
859 789 935 866 θούξ
965 794 1021 856 καί
1052 793 1087 856 τό
1122 792 1317 877 κουμούνιον

51 905 203 986 Βενετίας,
240 907 258 976 ὁ
286 914 461 998 μπαῖοῦλος
495 917 551 977 καί
578 909 595 978 ἀ
624 909 745 1000 ῥέκτωρ
767 917 824 978 καί
852 911 882 978 οἱ
909 911 1108 1002 ἀρρικιοίλιοι
1132 922 1188 979 τοῦ
1213 920 1314 1000 κυροῦ

50 1031 156 1106 ῦοοκῦς
182 1038 239 1098 καί
262 1043 317 1098 τοῦ
340 1042 532 1123 κουμοονίοο
555 1037 705 1110 Βινετίοις
729 1034 926 1124 ὁπουδήποτε
953 1040 1159 1112 καθεστῶτος
1186 1038 1315 1102 δίκαιον

50 1159 211 1242 ποιήσουσι
234 1157 481 1245 διευθιτημίνον
515 1163 571 1224 καί
602 1158 738 1237 ένεελές,
774 1157 818 1234 ῶς
850 1163 1002 1246 πρότερον
1036 1157 1202 1248 ἠντίχονεο
1230 1158 1314 1226 ἀκι-

51 1285 136 1363 ραίως
159 1285 217 1345 καί
240 1293 294 1347 νῦν
321 1280 501 1370 ὀφείλουσι,
530 1287 717 1370 σωζομίνων
749 1283 799 1350 ἀεί
821 1289 878 1350 καί
901 1289 1100 1372 τηρουμένων
1122 1295 1233 1352 πασῶν
1256 1287 1314 1352 καί

49 1401 183 1470 έκοίοτων
211 1415 272 1470 τῶν
299 1408 549 1495 παραρυλάξεων
584 1412 639 1472 καί
666 1412 897 1474 καταστάσεων
928 1413 983 1473 καί
1017 1405 1221 1496 ὑποσχέσεων
1255 1413 1311 1474 καί

49 1527 281 1616 ῦιασαρησεων,
314 1529 376 1595 εἴτε
404 1527 476 1616 περί
504 1535 624 1617 ζημιῶν
647 1541 707 1596 τῶν
732 1531 775 1618 μὴ
801 1515 999 1618 ταχθεισῶν,
1033 1530 1122 1606 ἰδίως
1150 1526 1311 1620 ῥηθεισῶν

48 1647 97 1714 καὶ
118 1649 377 1738 ὀνομασθεισῶν,
407 1652 469 1718 εἵτε
493 1658 563 1740 περί
586 1663 646 1718 τῶν
671 1652 776 1720 ἄλλων
799 1665 860 1719 τῶν
884 1652 1029 1740 ἀνωτέρω
1053 1651 1311 1742 ἀνορασθίνίεων,

49 1772 87 1846 οἷς
108 1776 162 1840 ῦιά
185 1783 243 1862 τῆς
265 1777 429 1864 παρούσης
452 1779 565 1864 τρέβας
588 1775 609 1865 ἢ
634 1775 776 1866 ἀφέσεως
800 1787 860 1844 τῶν
889 1763 1036 1857 ἆῧίίίῑόίίν
1059 1789 1120 1844 τῶν
1142 1801 1313 1867 πβθθκθμ·“
1348 1866 1351 1872 ,
1393 1859 1401 1884 ,

48 1903 145 1982 μάτων
180 1905 238 1965 καί
272 1911 333 1966 τῶν
368 1907 488 1990 ζημιῶν
523 1903 566 1990 μη
595 1905 733 1968 νοείσθω
768 1905 854 1968 κατιί
881 1925 909 1968 τι
937 1902 1118 1977 έλσίετωοις.
1156 1903 1235 1989 ἀπερ
1269 1905 1310 1990 θη

46 2027 138 2088 πάντα
169 2030 226 2090 καί
252 2023 377 2090 ἕκαστα
402 2029 441 2090 τὰ
469 2025 737 2114 ἀναγεγραμμένα
765 2025 856 2114 ἡμείς
880 2025 896 2093 ὁ
921 2029 1070 2111 βασιλεὺς
1093 2032 1149 2093 καί
1172 2023 1194 2115 η
1216 2029 1310 2113 βασι·

46 2149 108 2212 λεία
129 2145 221 2236 ἡμῶν
245 2146 322 2236 ὅτείρ
352 2147 442 2238 ἡμῶν
465 2155 521 2215 καί
544 2161 605 2216 τῶν
628 2152 836 2238 κληρονόμων
870 2154 926 2216 καί
955 2152 1117 2239 διαδόχων
1146 2149 1236 2240 ἡμῶν
1264 2151 1310 2228 είς

45 2275 78 2335 τὰ
100 2271 178 2353 ἀγια
202 2281 258 2337 τοῦ
281 2276 362 2340 θεοῦ
390 2269 576 2353 εὐαγγέλια,
613 2272 659 2347 είς
686 2277 740 2338 τὸν
768 2271 870 2360 τίμιον
893 2278 950 2340 καί
974 2278 1128 2349 ζωοποιῦν
1163 2277 1309 2372 σταυρὸν,

46 2393 84 2469 είς
106 2399 162 2484 τὴν
186 2399 290 2484 ψυχὴν
314 2394 418 2483 ἡμῶν,
447 2393 605 2484 ἀράμενοι
628 2407 688 2463 τῶν
713 2407 854 2487 γραρῶν,
884 2395 934 2463 ίιτί
956 2404 1118 2485 παρουσία
1141 2407 1196 2466 τοῦ
1220 2399 1309 2488 είρη·

47 2523 132 2602 μένου
164 2519 223 2606 σῦρ
251 2520 429 2606 μκαίοῦλου
458 2519 591 2606 ὸνέμαει
614 2527 669 2584 τοῦ
693 2529 790 2606 κυροῦ
822 2521 938 2595 ῦοοκῦς
961 2526 1017 2587 καί
1040 2531 1096 2587 τοῦ
1119 2527 1310 2609 κοομοονίου

46 2640 390 2736 Βενειίοις,·ἀψιέμενος
414 2655 474 2708 τῶν
499 2641 601 2709 αὐτῶν
625 2642 715 2730 ἱερῶν
739 2654 866 2732 γραφῶν
890 2649 946 2710 καί
970 2639 1079 2724 αὐτὸς,
1105 2646 1150 2722 είς
1174 2649 1229 2734 την
1253 2651 1314 2735 βυ*

46 2767 97 2852 γήν
122 2764 221 2832 αὐτοῦ
250 2775 306 2832 τοῦ
334 2777 432 2852 κυροῦ
460 2769 577 2842 ῦοοκῦς
611 2772 667 2832 καί
696 2778 751 2834 τοῦ
778 2767 969 2854 κουμοονίου
1003 2768 1152 2843 Βενετίας
1180 2768 1237 2835 καὶ
1265 2769 1312 2844 εὶς

46 2894 78 2954 τὰ
100 2889 178 2971 ἅγιοι
202 2900 257 2956 τοῦ
280 2893 362 2956 θεοῦ
391 2887 565 2972 εὐαγγέλια
592 2896 648 2956 καί
672 2887 717 2965 εἰς
740 2894 794 2956 τὰν
820 2897 922 2978 τίμιον
945 2896 1001 2957 καί
1032 2897 1187 2966 ζωοποιόν
1211 2915 1312 2960 στασ-

46 3015 90 3094 ρόν
118 3010 195 3100 ὑπὲρ
224 3011 338 3079 ἑαυτοῦ
367 3012 500 3100 ὀνόματι
528 3022 583 3078 τοῦ
610 3017 838 3100 προειρημένου
867 3019 923 3080 καί
954 3023 1009 3080 τοῦ
1032 3021 1223 3102 κουμουνίου
1246 3016 1310 3082 Βε-

46 3143 140 3212 νετίας
176 3135 348 3224 ὠμόσαμεν
376 3143 432 3202 καί
460 3135 687 3224 ἀπεσχέθημεν
716 3135 884 3224 ἀλληλοις,
920 3139 1035 3222 βέβαια
1062 3143 1118 3203 καί
1151 3136 1311 3226 ἀμετακίν-

45 3283 117 3348 νητα
140 3267 181 3328 τά
204 3267 417 3349 προειρημένα
448 3267 552 3326 πάντα
577 3261 664 3348 ἔχειν
688 3283 720 3326 τε
743 3265 801 3327 καὶ
824 3273 949 3348 κρατεῖν
972 3261 1029 3326 καὶ
1053 3260 1313 3349 σίκαράθραυσταΙ

47 3397 199 3472 συντηρεῖν
231 3389 287 3450 καί
318 3384 520 3472 ἀποπληροῦν
543 3383 563 3472 ἢ
588 3386 807 3473 φυλάττεσθαί
839 3383 895 3450 καὶ
924 3383 1193 3472 ἀποπληροῦσθαι
1216 3396 1312 3474 ποιη-

46 3533 106 3588 σαι,
142 3511 200 3576 καὶ
229 3513 271 3597 μὴ
307 3509 454 3582 ἐναντίως
487 3519 619 3596 ποιῆσαι
642 3508 662 3597 ἢ
687 3507 833 3574 ἐπελθεῖν
868 3519 932 3580 τοῖς
965 3515 1206 3598 προειρημένοις
1232 3509 1252 3599 ἢ
1278 3511 1310 3576 έν

45 3657 96 3698 τινι
124 3646 185 3700 τῶν
212 3638 446 3720 προειρημένων
475 3631 514 3697 δι’
545 3629 633 3720 ἡμῶν
656 3631 677 3720 ἢ
701 3630 741 3697 δι’
765 3631 871 3698 ἄλλων
903 3631 964 3700 ἀπὸ
993 3635 1120 3700 δικαίου
1143 3633 1163 3723 ἢ
1187 3639 1311 3724 ροίκτσυ

44 3762 140 3845 τρόπω
164 3763 223 3824 τινί
246 3757 266 3846 ἢ
292 3769 423 3845 μηχανη
447 3755 467 3845 ἢ
492 3757 579 3842 αὶτίορ
603 3756 652 3822 ίπί
675 3753 828 3845 ἀποθήκη
861 3756 917 3824 καὶ
945 3756 1043 3846 ένοχη
1068 3770 1127 3822 τῶν
1150 3755 1311 3845 ἡμετέρων

44 3885 93 3944 καί
120 3891 176 3970 τῆς
205 3881 371 3966 βασιλείας
394 3877 483 3968 ἡμῶν
517 3884 573 3944 καί
602 3889 657 3945 τοῦ
693 3879 859 3967 εἰρημένου
893 3889 992 3967 πυροῦ
1027 3881 1144 3954 δοοκῦς
1171 3885 1228 3945 καί
1255 3889 1310 3945 τοῦ

44 4009 230 4090 κοομοονίοο
260 4003 411 4076 Βενετίας
446 4001 580 4082 ἀγαθῶν
609 4012 668 4066 τῶν
697 4023 730 4067 τε
761 4011 814 4066 νῦν
845 3999 942 4068 ὄντων
978 4007 1035 4069 καί
1070 4000 1238 4089 ἐσομένων.
1268 4000 1310 4066 ὧν

44 4131 161 4192 πάντων
186 4127 231 4201 είς
260 4131 432 4214 μαρτυρίαν
461 4131 517 4192 καί
545 4129 779 4213 καθαρωτέραν
807 4127 977 4211 βεβαίωσιν
1004 4123 1095 4214 ἡμείς
1119 4125 1135 4192 ὁ
1160 4127 1311 4211 βασιλεῦς

45 4249 136 4340 καὶὴ
163 4253 312 4338 βασιλεία
342 4247 432 4338 ἡμῶν
462 4255 518 4326 τὰς
548 4252 711 4336 παρούσας
743 4252 858 4336 τρέβας
889 4253 1042 4331 γενέσθαι
1070 4255 1125 4314 καί
1150 4259 1310 4339 γραφῆναι

45 4379 275 4462 προσετάξαμεν
300 4379 482 4462 γράμμασιν
508 4373 685 4462 ἑλληνικοῖς
709 4397 742 4438 τε
766 4379 822 4440 καί
845 4375 1025 4452 λατινικοῖς,
1052 4373 1230 4463 έλληνικοίς
1252 4378 1310 4460 μὲν

46 4498 93 4563 διὰ
123 4500 433 4586 χειρὸς-βασιλικοῦ
464 4503 629 4582 νοτατρίου
660 4496 819 4584 Γεωργίου
853 4506 908 4563 τοῦ
938 4498 1159 4586 Γαλησιῶτου,
1187 4500 1309 4564 λατινι-

46 4633 107 4696 κοῖς
130 4625 165 4688 δὲ
190 4625 245 4688 διά
269 4625 377 4710 χειρὸς
400 4619 592 4706 Λεωνοίμδου
613 4629 668 4686 τοῦ
692 4619 858 4698 Κουαλέα,
888 4623 1039 4710 βασιλικῇ
1065 4621 1191 4707 έξουσίη
1213 4645 1311 4688 νοτα·
1437 4710 1441 4719 Ι

47 4751 106 4828 ρίου
134 4753 189 4812 καί
218 4751 411 4833 τεταγμένου
440 4755 548 4832 κριτοῦ
572 4751 628 4810 καί
651 4745 899 4830 κοιντζελλαρίου
934 4755 988 4810 τοῦ
1018 4745 1184 4834 εἰρημένου
1214 4759 1310 4832 μπαί-
