<?xml version="1.0" encoding="UTF-8"?>
<!DOCTYPE html PUBLIC "-//W3C//DTD XHTML 1.0 Transitional//EN"
    "http://www.w3.org/TR/xhtml1/DTD/xhtml1-transitional.dtd">
<html xmlns="http://www.w3.org/1999/xhtml" xml:lang="en" lang="en">
 <head>
  <title>
</title>
<meta http-equiv="Content-Type" content="text/html;charset=utf-8" />
  <meta name='ocr-system' content='tesseract 3.04.00' />
  <meta name='ocr-capabilities' content='ocr_page ocr_carea ocr_par ocr_line ocrx_word'/>
</head>
<body>
  <div class='ocr_page' id='page_1' title='image "./actaetdiplomata03miklgoog_0164.png"; bbox 0 0 3148 5268; ppageno 0'>
   <div class='ocr_carea' id='block_1_1' title="bbox 1253 369 1315 434">
    <p class='ocr_par' dir='ltr' id='par_1_1' title="bbox 1253 369 1315 434">
     <span class='ocr_line' id='line_1_1' title="bbox 1253 369 1315 434; baseline 0 0"><span class='ocrx_word' id='word_1_1' title='bbox 1253 369 1315 434; x_wconf 81' lang='lat'><strong>13⁷</strong></span> 
     </span>
    </p>
   </div>
   <div class='ocr_carea' id='block_1_2' title="bbox 62 561 1323 2637">
    <p class='ocr_par' dir='ltr' id='par_1_2' title="bbox 62 561 1323 2637">
     <span class='ocr_line' id='line_1_2' title="bbox 66 561 1316 656; baseline 0 -28"><span class='ocrx_word' id='word_1_2' title='bbox 66 567 112 652; x_wconf 82' lang='grc' dir='ltr'><strong>τήν</strong></span> <span class='ocrx_word' id='word_1_3' title='bbox 137 563 304 652; x_wconf 60' lang='grc' dir='ltr'><strong>εἰρημένην</strong></span> <span class='ocrx_word' id='word_1_4' title='bbox 331 571 487 656; x_wconf 79' lang='grc' dir='ltr'><strong>πρόμοισιν</strong></span> <span class='ocrx_word' id='word_1_5' title='bbox 521 562 656 654; x_wconf 80' lang='grc' dir='ltr'><strong>οόδεμίσ</strong></span> <span class='ocrx_word' id='word_1_6' title='bbox 683 565 721 632; x_wconf 82' lang='grc' dir='ltr'><strong>ίκ</strong></span> <span class='ocrx_word' id='word_1_7' title='bbox 750 571 822 632; x_wconf 83' lang='grc' dir='ltr'><strong>νόοο</strong></span> <span class='ocrx_word' id='word_1_8' title='bbox 849 567 952 648; x_wconf 83' lang='grc' dir='ltr'><strong>δόσις,</strong></span> <span class='ocrx_word' id='word_1_9' title='bbox 987 569 1182 652; x_wconf 83' lang='grc' dir='ltr'><strong>κομμίρκιον</strong></span> <span class='ocrx_word' id='word_1_10' title='bbox 1211 561 1231 650; x_wconf 79' lang='grc' dir='ltr'><strong>ἢ</strong></span> <span class='ocrx_word' id='word_1_11' title='bbox 1258 565 1316 651; x_wconf 80' lang='grc' dir='ltr'><strong>φό-</strong></span> 
     </span>
     <span class='ocr_line' id='line_1_3' title="bbox 66 684 1320 778; baseline -0.001 -25"><span class='ocrx_word' id='word_1_12' title='bbox 66 711 155 774; x_wconf 88' lang='grc' dir='ltr'><strong>τεομα</strong></span> <span class='ocrx_word' id='word_1_13' title='bbox 182 693 351 776; x_wconf 76' lang='grc' dir='ltr'><strong>γενήσεται</strong></span> <span class='ocrx_word' id='word_1_14' title='bbox 380 689 567 777; x_wconf 78' lang='grc' dir='ltr'><strong>ίτιτεδήναι</strong></span> <span class='ocrx_word' id='word_1_15' title='bbox 593 687 633 755; x_wconf 88' lang='grc' dir='ltr'><strong>δι’</strong></span> <span class='ocrx_word' id='word_1_16' title='bbox 659 687 749 778; x_wconf 69' lang='grc' dir='ltr'><strong>ἡμῶν</strong></span> <span class='ocrx_word' id='word_1_17' title='bbox 776 694 832 756; x_wconf 83' lang='grc' dir='ltr'><strong>καί</strong></span> <span class='ocrx_word' id='word_1_18' title='bbox 859 699 915 776; x_wconf 89' lang='grc' dir='ltr'><strong>τής</strong></span> <span class='ocrx_word' id='word_1_19' title='bbox 942 691 1107 774; x_wconf 87' lang='grc' dir='ltr'><strong>βασιλείας</strong></span> <span class='ocrx_word' id='word_1_20' title='bbox 1137 684 1227 776; x_wconf 78' lang='grc' dir='ltr'><strong>ἡμῶν</strong></span> <span class='ocrx_word' id='word_1_21' title='bbox 1254 697 1320 760; x_wconf 83' lang='grc' dir='ltr'><strong>τοῖς</strong></span> 
     </span>
     <span class='ocr_line' id='line_1_4' title="bbox 66 811 1321 902; baseline 0 -24"><span class='ocrx_word' id='word_1_22' title='bbox 66 814 180 893; x_wconf 79' lang='grc' dir='ltr'><strong>οίοιίαις,</strong></span> <span class='ocrx_word' id='word_1_23' title='bbox 204 817 323 894; x_wconf 77' lang='grc' dir='ltr'><strong>τόκοις,</strong></span> <span class='ocrx_word' id='word_1_24' title='bbox 346 819 490 902; x_wconf 87' lang='grc' dir='ltr'><strong>κτήμασι</strong></span> <span class='ocrx_word' id='word_1_25' title='bbox 512 820 568 880; x_wconf 85' lang='grc' dir='ltr'><strong>καί</strong></span> <span class='ocrx_word' id='word_1_26' title='bbox 589 817 780 902; x_wconf 85' lang='grc' dir='ltr'><strong>κιριβολίοις</strong></span> <span class='ocrx_word' id='word_1_27' title='bbox 804 825 864 880; x_wconf 78' lang='grc' dir='ltr'><strong>τῶν</strong></span> <span class='ocrx_word' id='word_1_28' title='bbox 887 825 940 881; x_wconf 79' lang='grc' dir='ltr'><strong>νῦν</strong></span> <span class='ocrx_word' id='word_1_29' title='bbox 963 811 1061 882; x_wconf 79' lang='grc' dir='ltr'><strong>ὄντων</strong></span> <span class='ocrx_word' id='word_1_30' title='bbox 1084 812 1117 880; x_wconf 79' lang='grc' dir='ltr'><strong>όν</strong></span> <span class='ocrx_word' id='word_1_31' title='bbox 1138 823 1206 888; x_wconf 83' lang='grc' dir='ltr'><strong>ταῖς</strong></span> <span class='ocrx_word' id='word_1_32' title='bbox 1230 817 1321 900; x_wconf 84' lang='grc' dir='ltr'><strong>χερσί</strong></span> 
     </span>
     <span class='ocr_line' id='line_1_5' title="bbox 65 935 1322 1028; baseline 0 -26"><span class='ocrx_word' id='word_1_33' title='bbox 65 949 117 1002; x_wconf 75' lang='grc' dir='ltr'><strong>τῶν</strong></span> <span class='ocrx_word' id='word_1_34' title='bbox 137 937 323 1020; x_wconf 80' lang='grc' dir='ltr'><strong>Βενιτίκον,</strong></span> <span class='ocrx_word' id='word_1_35' title='bbox 347 937 428 1026; x_wconf 74' lang='grc' dir='ltr'><strong>ἅτιρ</strong></span> <span class='ocrx_word' id='word_1_36' title='bbox 449 943 711 1028; x_wconf 85' lang='grc' dir='ltr'><strong>κοινοοργήματα</strong></span> <span class='ocrx_word' id='word_1_37' title='bbox 733 944 790 1004; x_wconf 87' lang='grc' dir='ltr'><strong>καί</strong></span> <span class='ocrx_word' id='word_1_38' title='bbox 813 941 897 1027; x_wconf 86' lang='grc' dir='ltr'><strong>βάρη</strong></span> <span class='ocrx_word' id='word_1_39' title='bbox 928 940 1076 1006; x_wconf 87' lang='grc' dir='ltr'><strong>δόνανται</strong></span> <span class='ocrx_word' id='word_1_40' title='bbox 1103 935 1322 1026; x_wconf 81' lang='grc' dir='ltr'><strong>ἀναρερίσόαι</strong></span> 
     </span>
     <span class='ocr_line' id='line_1_6' title="bbox 65 1057 1321 1150; baseline 0 -24"><span class='ocrx_word' id='word_1_41' title='bbox 65 1063 102 1136; x_wconf 80' lang='grc' dir='ltr'><strong>τίς</strong></span> <span class='ocrx_word' id='word_1_42' title='bbox 125 1067 242 1148; x_wconf 88' lang='grc' dir='ltr'><strong>ζημίαν</strong></span> <span class='ocrx_word' id='word_1_43' title='bbox 264 1065 321 1128; x_wconf 87' lang='grc' dir='ltr'><strong>καί</strong></span> <span class='ocrx_word' id='word_1_44' title='bbox 342 1066 505 1150; x_wconf 81' lang='grc' dir='ltr'><strong>κρόκριμα</strong></span> <span class='ocrx_word' id='word_1_45' title='bbox 526 1075 586 1129; x_wconf 75' lang='grc' dir='ltr'><strong>τόν</strong></span> <span class='ocrx_word' id='word_1_46' title='bbox 605 1063 790 1131; x_wconf 83' lang='grc' dir='ltr'><strong>Βινετίκιιν.</strong></span> <span class='ocrx_word' id='word_1_47' title='bbox 814 1061 863 1128; x_wconf 71' lang='grc' dir='ltr'><strong>ἔτι</strong></span> <span class='ocrx_word' id='word_1_48' title='bbox 885 1059 994 1150; x_wconf 74' lang='grc' dir='ltr'><strong>ἐπειδή</strong></span> <span class='ocrx_word' id='word_1_49' title='bbox 1016 1057 1107 1148; x_wconf 78' lang='grc' dir='ltr'><strong>ήμιῖς</strong></span> <span class='ocrx_word' id='word_1_50' title='bbox 1131 1058 1148 1126; x_wconf 87' lang='grc' dir='ltr'><strong>ό</strong></span> <span class='ocrx_word' id='word_1_51' title='bbox 1173 1060 1321 1145; x_wconf 86' lang='grc' dir='ltr'><strong>βασιλιός</strong></span> 
     </span>
     <span class='ocr_line' id='line_1_7' title="bbox 65 1179 1321 1273; baseline 0 -25"><span class='ocrx_word' id='word_1_52' title='bbox 65 1184 187 1270; x_wconf 82' lang='grc' dir='ltr'><strong>είιτομεν</strong></span> <span class='ocrx_word' id='word_1_53' title='bbox 214 1185 258 1272; x_wconf 73' lang='grc' dir='ltr'><strong>τῷ</strong></span> <span class='ocrx_word' id='word_1_54' title='bbox 289 1180 421 1273; x_wconf 75' lang='grc' dir='ltr'><strong>ῥηδίντι</strong></span> <span class='ocrx_word' id='word_1_55' title='bbox 454 1187 605 1273; x_wconf 86' lang='grc' dir='ltr'><strong>οονδίκιρ,</strong></span> <span class='ocrx_word' id='word_1_56' title='bbox 641 1184 870 1272; x_wconf 79' lang='grc' dir='ltr'><strong>άτοιιρισιαρίιρ</strong></span> <span class='ocrx_word' id='word_1_57' title='bbox 903 1189 961 1252; x_wconf 85' lang='grc' dir='ltr'><strong>καί</strong></span> <span class='ocrx_word' id='word_1_58' title='bbox 995 1183 1163 1271; x_wconf 75' lang='grc' dir='ltr'><strong>όιτιιρόκιρ,</strong></span> <span class='ocrx_word' id='word_1_59' title='bbox 1200 1179 1248 1248; x_wconf 81' lang='grc' dir='ltr'><strong>ὅτι</strong></span> <span class='ocrx_word' id='word_1_60' title='bbox 1282 1187 1321 1248; x_wconf 86' lang='grc' dir='ltr'><strong>τά</strong></span> 
     </span>
     <span class='ocr_line' id='line_1_8' title="bbox 63 1304 1322 1397; baseline -0.001 -25"><span class='ocrx_word' id='word_1_61' title='bbox 63 1304 194 1394; x_wconf 82' lang='grc' dir='ltr'><strong>ήμίτερα</strong></span> <span class='ocrx_word' id='word_1_62' title='bbox 224 1307 423 1396; x_wconf 83' lang='grc' dir='ltr'><strong>είσοδήματα</strong></span> <span class='ocrx_word' id='word_1_63' title='bbox 455 1314 513 1376; x_wconf 88' lang='grc' dir='ltr'><strong>καί</strong></span> <span class='ocrx_word' id='word_1_64' title='bbox 539 1314 722 1397; x_wconf 70' lang='grc' dir='ltr'><strong>κομμάρκια</strong></span> <span class='ocrx_word' id='word_1_65' title='bbox 748 1313 834 1376; x_wconf 82' lang='grc' dir='ltr'><strong>κατὰ</strong></span> <span class='ocrx_word' id='word_1_66' title='bbox 861 1309 942 1376; x_wconf 82' lang='grc' dir='ltr'><strong>αολό</strong></span> <span class='ocrx_word' id='word_1_67' title='bbox 976 1309 1168 1393; x_wconf 74' lang='grc' dir='ltr'><strong>βλάπτονται</strong></span> <span class='ocrx_word' id='word_1_68' title='bbox 1197 1308 1252 1372; x_wconf 84' lang='grc' dir='ltr'><strong>διὰ</strong></span> <span class='ocrx_word' id='word_1_69' title='bbox 1282 1308 1322 1372; x_wconf 85' lang='grc' dir='ltr'><strong>τὰ</strong></span> 
     </span>
     <span class='ocr_line' id='line_1_9' title="bbox 64 1429 1320 1521; baseline 0 -27"><span class='ocrx_word' id='word_1_70' title='bbox 64 1432 161 1496; x_wconf 73' lang='grc' dir='ltr'><strong>πολλὰ</strong></span> <span class='ocrx_word' id='word_1_71' title='bbox 188 1433 362 1519; x_wconf 79' lang='grc' dir='ltr'><strong>καπηλεῖα,</strong></span> <span class='ocrx_word' id='word_1_72' title='bbox 391 1430 482 1500; x_wconf 78' lang='grc' dir='ltr'><strong>ἅτινα</strong></span> <span class='ocrx_word' id='word_1_73' title='bbox 508 1444 667 1521; x_wconf 69' lang='grc' dir='ltr'><strong>κρατῶσιν</strong></span> <span class='ocrx_word' id='word_1_74' title='bbox 695 1432 726 1499; x_wconf 82' lang='grc' dir='ltr'><strong>οἱ</strong></span> <span class='ocrx_word' id='word_1_75' title='bbox 750 1432 914 1502; x_wconf 88' lang='grc' dir='ltr'><strong>Βτνίτικοι</strong></span> <span class='ocrx_word' id='word_1_76' title='bbox 937 1429 970 1496; x_wconf 74' lang='grc' dir='ltr'><strong>δν</strong></span> <span class='ocrx_word' id='word_1_77' title='bbox 999 1444 1039 1519; x_wconf 81' lang='grc' dir='ltr'><strong>τῇ</strong></span> <span class='ocrx_word' id='word_1_78' title='bbox 1062 1431 1320 1500; x_wconf 80' lang='grc' dir='ltr'><strong>Κιονσταντινοο-</strong></span> 
     </span>
     <span class='ocr_line' id='line_1_10' title="bbox 64 1552 1322 1644; baseline -0.001 -26"><span class='ocrx_word' id='word_1_79' title='bbox 64 1555 159 1634; x_wconf 74' lang='grc' dir='ltr'><strong>πόλει,</strong></span> <span class='ocrx_word' id='word_1_80' title='bbox 180 1559 238 1620; x_wconf 81' lang='grc' dir='ltr'><strong>καί</strong></span> <span class='ocrx_word' id='word_1_81' title='bbox 261 1566 300 1644; x_wconf 78' lang='grc' dir='ltr'><strong>ιή</strong></span> <span class='ocrx_word' id='word_1_82' title='bbox 324 1557 451 1644; x_wconf 84' lang='grc' dir='ltr'><strong>μεγάλη</strong></span> <span class='ocrx_word' id='word_1_83' title='bbox 469 1560 626 1644; x_wconf 61' lang='grc' dir='ltr'><strong>,ποσότητι</strong></span> <span class='ocrx_word' id='word_1_84' title='bbox 648 1563 703 1624; x_wconf 77' lang='grc' dir='ltr'><strong>τοῦ</strong></span> <span class='ocrx_word' id='word_1_85' title='bbox 728 1554 761 1622; x_wconf 86' lang='grc' dir='ltr'><strong>ίν</strong></span> <span class='ocrx_word' id='word_1_86' title='bbox 784 1552 891 1644; x_wconf 76' lang='grc' dir='ltr'><strong>αὐτοῖς</strong></span> <span class='ocrx_word' id='word_1_87' title='bbox 905 1560 1163 1641; x_wconf 85' lang='grc' dir='ltr'><strong>ιτιτιρασκομίνοο</strong></span> <span class='ocrx_word' id='word_1_88' title='bbox 1186 1559 1322 1640; x_wconf 80' lang='grc' dir='ltr'><strong>αρασίοο</strong></span> 
     </span>
     <span class='ocr_line' id='line_1_11' title="bbox 63 1677 1322 1768; baseline 0 -24"><span class='ocrx_word' id='word_1_89' title='bbox 63 1685 113 1744; x_wconf 83' lang='grc' dir='ltr'><strong>καί</strong></span> <span class='ocrx_word' id='word_1_90' title='bbox 134 1682 208 1746; x_wconf 81' lang='grc' dir='ltr'><strong>δίον</strong></span> <span class='ocrx_word' id='word_1_91' title='bbox 231 1682 285 1746; x_wconf 79' lang='grc' dir='ltr'><strong>διὰ</strong></span> <span class='ocrx_word' id='word_1_92' title='bbox 308 1689 409 1748; x_wconf 77' lang='grc' dir='ltr'><strong>ταῦτα</strong></span> <span class='ocrx_word' id='word_1_93' title='bbox 430 1685 580 1768; x_wconf 79' lang='grc' dir='ltr'><strong>πρόνοιαν</strong></span> <span class='ocrx_word' id='word_1_94' title='bbox 603 1677 679 1768; x_wconf 69' lang='grc' dir='ltr'><strong>ὑπὲρ</strong></span> <span class='ocrx_word' id='word_1_95' title='bbox 702 1683 818 1748; x_wconf 86' lang='grc' dir='ltr'><strong>τοότιιν</strong></span> <span class='ocrx_word' id='word_1_96' title='bbox 839 1682 1002 1761; x_wconf 73' lang='grc' dir='ltr'><strong>γενέσθαι,</strong></span> <span class='ocrx_word' id='word_1_97' title='bbox 1026 1682 1138 1746; x_wconf 91' lang='grc' dir='ltr'><strong>τοότοο</strong></span> <span class='ocrx_word' id='word_1_98' title='bbox 1161 1682 1269 1766; x_wconf 88' lang='grc' dir='ltr'><strong>χάριν,</strong></span> <span class='ocrx_word' id='word_1_99' title='bbox 1293 1677 1322 1744; x_wconf 85' lang='grc' dir='ltr'><strong>εί</strong></span> 
     </span>
     <span class='ocr_line' id='line_1_12' title="bbox 62 1804 1320 1894; baseline 0 -24"><span class='ocrx_word' id='word_1_100' title='bbox 62 1809 113 1870; x_wconf 84' lang='grc' dir='ltr'><strong>καί</strong></span> <span class='ocrx_word' id='word_1_101' title='bbox 134 1805 189 1870; x_wconf 81' lang='grc' dir='ltr'><strong>διὰ</strong></span> <span class='ocrx_word' id='word_1_102' title='bbox 216 1809 269 1871; x_wconf 86' lang='grc' dir='ltr'><strong>τόν</strong></span> <span class='ocrx_word' id='word_1_103' title='bbox 299 1808 394 1872; x_wconf 80' lang='grc' dir='ltr'><strong>τόπον</strong></span> <span class='ocrx_word' id='word_1_104' title='bbox 417 1816 478 1872; x_wconf 82' lang='grc' dir='ltr'><strong>τῶν</strong></span> <span class='ocrx_word' id='word_1_105' title='bbox 507 1807 624 1894; x_wconf 80' lang='grc' dir='ltr'><strong>τρεβκῖν</strong></span> <span class='ocrx_word' id='word_1_106' title='bbox 648 1804 749 1882; x_wconf 79' lang='grc' dir='ltr'><strong>όζιοτι</strong></span> <span class='ocrx_word' id='word_1_107' title='bbox 771 1815 835 1881; x_wconf 84' lang='grc' dir='ltr'><strong>τοῖς</strong></span> <span class='ocrx_word' id='word_1_108' title='bbox 858 1805 1038 1880; x_wconf 85' lang='grc' dir='ltr'><strong>Βενιτίκοις</strong></span> <span class='ocrx_word' id='word_1_109' title='bbox 1062 1815 1188 1890; x_wconf 87' lang='grc' dir='ltr'><strong>κρατεῖν</strong></span> <span class='ocrx_word' id='word_1_110' title='bbox 1211 1823 1320 1891; x_wconf 87' lang='grc' dir='ltr'><strong>κατη-</strong></span> 
     </span>
     <span class='ocr_line' id='line_1_13' title="bbox 63 1927 1320 2016; baseline 0 -24"><span class='ocrx_word' id='word_1_111' title='bbox 63 1931 127 1992; x_wconf 80' lang='grc' dir='ltr'><strong>λεῖα</strong></span> <span class='ocrx_word' id='word_1_112' title='bbox 151 1931 360 1996; x_wconf 72' lang='grc' dir='ltr'><strong>καταστάντα</strong></span> <span class='ocrx_word' id='word_1_113' title='bbox 383 1927 521 2016; x_wconf 74' lang='grc' dir='ltr'><strong>ἀριθμόν</strong></span> <span class='ocrx_word' id='word_1_114' title='bbox 544 1933 602 1996; x_wconf 88' lang='grc' dir='ltr'><strong>καί</strong></span> <span class='ocrx_word' id='word_1_115' title='bbox 623 1931 738 1996; x_wconf 78' lang='grc' dir='ltr'><strong>πολεῖν</strong></span> <span class='ocrx_word' id='word_1_116' title='bbox 760 1933 816 1996; x_wconf 84' lang='grc' dir='ltr'><strong>καί</strong></span> <span class='ocrx_word' id='word_1_117' title='bbox 840 1927 1010 2016; x_wconf 70' lang='grc' dir='ltr'><strong>ἀγοράζειν</strong></span> <span class='ocrx_word' id='word_1_118' title='bbox 1032 1927 1226 2014; x_wconf 77' lang='grc' dir='ltr'><strong>όλεοθίριος,</strong></span> <span class='ocrx_word' id='word_1_119' title='bbox 1257 1947 1320 1992; x_wconf 84' lang='grc' dir='ltr'><strong>κοι-</strong></span> 
     </span>
     <span class='ocr_line' id='line_1_14' title="bbox 64 2049 1322 2141; baseline -0.003 -23"><span class='ocrx_word' id='word_1_120' title='bbox 64 2055 124 2127; x_wconf 77' lang='grc' dir='ltr'><strong>όός</strong></span> <span class='ocrx_word' id='word_1_121' title='bbox 154 2054 300 2132; x_wconf 79' lang='grc' dir='ltr'><strong>δίλοοσι,</strong></span> <span class='ocrx_word' id='word_1_122' title='bbox 325 2049 410 2141; x_wconf 82' lang='grc' dir='ltr'><strong>ὅμως</strong></span> <span class='ocrx_word' id='word_1_123' title='bbox 439 2051 503 2140; x_wconf 70' lang='grc' dir='ltr'><strong>όδιῐι</strong></span> <span class='ocrx_word' id='word_1_124' title='bbox 528 2059 714 2140; x_wconf 85' lang='grc' dir='ltr'><strong>κοορτισίοις</strong></span> <span class='ocrx_word' id='word_1_125' title='bbox 741 2058 798 2120; x_wconf 87' lang='grc' dir='ltr'><strong>καί</strong></span> <span class='ocrx_word' id='word_1_126' title='bbox 826 2051 954 2140; x_wconf 77' lang='grc' dir='ltr'><strong>ἀγάπης</strong></span> <span class='ocrx_word' id='word_1_127' title='bbox 977 2051 1142 2139; x_wconf 73' lang='grc' dir='ltr'><strong>ἐκρίναμεν</strong></span> <span class='ocrx_word' id='word_1_128' title='bbox 1172 2055 1322 2138; x_wconf 86' lang='grc' dir='ltr'><strong>τρόνοιοιν</strong></span> 
     </span>
     <span class='ocr_line' id='line_1_15' title="bbox 64 2173 1321 2266; baseline -0.002 -24"><span class='ocrx_word' id='word_1_129' title='bbox 64 2181 170 2244; x_wconf 87' lang='grc' dir='ltr'><strong>ιοότοο</strong></span> <span class='ocrx_word' id='word_1_130' title='bbox 190 2181 394 2266; x_wconf 71' lang='grc' dir='ltr'><strong>ποιήσασθαι</strong></span> <span class='ocrx_word' id='word_1_131' title='bbox 417 2174 529 2262; x_wconf 76' lang='grc' dir='ltr'><strong>οὕτως,</strong></span> <span class='ocrx_word' id='word_1_132' title='bbox 555 2175 636 2244; x_wconf 75' lang='grc' dir='ltr'><strong>όστε</strong></span> <span class='ocrx_word' id='word_1_133' title='bbox 656 2179 806 2266; x_wconf 89' lang='grc' dir='ltr'><strong>δηλονότι</strong></span> <span class='ocrx_word' id='word_1_134' title='bbox 829 2182 924 2266; x_wconf 72' lang='grc' dir='ltr'><strong>μέχρι</strong></span> <span class='ocrx_word' id='word_1_135' title='bbox 946 2187 1001 2246; x_wconf 85' lang='grc' dir='ltr'><strong>τοό</strong></span> <span class='ocrx_word' id='word_1_136' title='bbox 1024 2173 1101 2264; x_wconf 79' lang='grc' dir='ltr'><strong>δροσ</strong></span> <span class='ocrx_word' id='word_1_137' title='bbox 1124 2185 1185 2244; x_wconf 82' lang='grc' dir='ltr'><strong>τῶν</strong></span> <span class='ocrx_word' id='word_1_138' title='bbox 1200 2176 1321 2262; x_wconf 78' lang='grc' dir='ltr'><strong>παρελ-</strong></span> 
     </span>
     <span class='ocr_line' id='line_1_16' title="bbox 65 2299 1321 2388; baseline -0.002 -22"><span class='ocrx_word' id='word_1_139' title='bbox 65 2305 185 2367; x_wconf 74' lang='grc' dir='ltr'><strong>όοοοῶν</strong></span> <span class='ocrx_word' id='word_1_140' title='bbox 211 2304 329 2388; x_wconf 75' lang='grc' dir='ltr'><strong>τριβῶν</strong></span> <span class='ocrx_word' id='word_1_141' title='bbox 356 2304 410 2368; x_wconf 86' lang='grc' dir='ltr'><strong>τόν</strong></span> <span class='ocrx_word' id='word_1_142' title='bbox 437 2311 526 2388; x_wconf 81' lang='grc' dir='ltr'><strong>κόριν</strong></span> <span class='ocrx_word' id='word_1_143' title='bbox 555 2303 674 2368; x_wconf 85' lang='grc' dir='ltr'><strong>δοόκαν</strong></span> <span class='ocrx_word' id='word_1_144' title='bbox 702 2305 758 2368; x_wconf 83' lang='grc' dir='ltr'><strong>καί</strong></span> <span class='ocrx_word' id='word_1_145' title='bbox 784 2304 820 2366; x_wconf 87' lang='grc' dir='ltr'><strong>τό</strong></span> <span class='ocrx_word' id='word_1_146' title='bbox 847 2301 1036 2388; x_wconf 84' lang='grc' dir='ltr'><strong>κοομοόνιον</strong></span> <span class='ocrx_word' id='word_1_147' title='bbox 1065 2299 1216 2374; x_wconf 83' lang='grc' dir='ltr'><strong>Βινιτίας</strong></span> <span class='ocrx_word' id='word_1_148' title='bbox 1242 2301 1321 2386; x_wconf 79' lang='grc' dir='ltr'><strong>τάζη</strong></span> 
     </span>
     <span class='ocr_line' id='line_1_17' title="bbox 66 2422 1320 2513; baseline -0.001 -22"><span class='ocrx_word' id='word_1_149' title='bbox 66 2428 131 2501; x_wconf 77' lang='grc' dir='ltr'><strong>τούς</strong></span> <span class='ocrx_word' id='word_1_150' title='bbox 153 2425 273 2492; x_wconf 78' lang='grc' dir='ltr'><strong>ἑαυτῶν</strong></span> <span class='ocrx_word' id='word_1_151' title='bbox 295 2425 482 2500; x_wconf 84' lang='grc' dir='ltr'><strong>Βινετίκοος</strong></span> <span class='ocrx_word' id='word_1_152' title='bbox 508 2427 680 2492; x_wconf 84' lang='grc' dir='ltr'><strong>δεκααίνττ</strong></span> <span class='ocrx_word' id='word_1_153' title='bbox 708 2427 868 2513; x_wconf 80' lang='grc' dir='ltr'><strong>καπηλεία</strong></span> <span class='ocrx_word' id='word_1_154' title='bbox 892 2428 974 2512; x_wconf 87' lang='grc' dir='ltr'><strong>μόνοι</strong></span> <span class='ocrx_word' id='word_1_155' title='bbox 998 2425 1086 2513; x_wconf 70' lang='grc' dir='ltr'><strong>ἔχειν</strong></span> <span class='ocrx_word' id='word_1_156' title='bbox 1110 2422 1142 2492; x_wconf 78' lang='grc' dir='ltr'><strong>ίν</strong></span> <span class='ocrx_word' id='word_1_157' title='bbox 1166 2436 1206 2513; x_wconf 85' lang='grc' dir='ltr'><strong>τή</strong></span> <span class='ocrx_word' id='word_1_158' title='bbox 1227 2423 1320 2492; x_wconf 85' lang='grc' dir='ltr'><strong>Κιον-</strong></span> 
     </span>
     <span class='ocr_line' id='line_1_18' title="bbox 66 2547 1323 2637; baseline 0 -23"><span class='ocrx_word' id='word_1_159' title='bbox 66 2551 327 2630; x_wconf 84' lang='grc' dir='ltr'><strong>οτιιντινοοιιόλει,</strong></span> <span class='ocrx_word' id='word_1_160' title='bbox 354 2552 500 2616; x_wconf 85' lang='grc' dir='ltr'><strong>ιταόοιισι</strong></span> <span class='ocrx_word' id='word_1_161' title='bbox 527 2551 562 2616; x_wconf 80' lang='grc' dir='ltr'><strong>δό</strong></span> <span class='ocrx_word' id='word_1_162' title='bbox 591 2553 630 2618; x_wconf 84' lang='grc' dir='ltr'><strong>τά</strong></span> <span class='ocrx_word' id='word_1_163' title='bbox 654 2547 737 2618; x_wconf 71' lang='grc' dir='ltr'><strong>ἄλλο</strong></span> <span class='ocrx_word' id='word_1_164' title='bbox 760 2551 878 2629; x_wconf 81' lang='grc' dir='ltr'><strong>πάντα,</strong></span> <span class='ocrx_word' id='word_1_165' title='bbox 907 2547 940 2616; x_wconf 84' lang='grc' dir='ltr'><strong>ίν</strong></span> <span class='ocrx_word' id='word_1_166' title='bbox 963 2548 1011 2623; x_wconf 85' lang='grc' dir='ltr'><strong>οίς</strong></span> <span class='ocrx_word' id='word_1_167' title='bbox 1034 2551 1186 2637; x_wconf 66' lang='grc' dir='ltr'><strong>ταχθεῖσι</strong></span> <span class='ocrx_word' id='word_1_168' title='bbox 1215 2569 1323 2636; x_wconf 83' lang='grc' dir='ltr'><strong>κατη-</strong></span> 
     </span>
    </p>
   </div>
   <div class='ocr_carea' id='block_1_3' title="bbox 65 2669 1321 2764">
    <p class='ocr_par' dir='ltr' id='par_1_3' title="bbox 65 2669 1321 2764">
     <span class='ocr_line' id='line_1_19' title="bbox 65 2669 1321 2764; baseline 0 -26"><span class='ocrx_word' id='word_1_169' title='bbox 65 2675 153 2749; x_wconf 81' lang='grc' dir='ltr'><strong>λείοις</strong></span> <span class='ocrx_word' id='word_1_170' title='bbox 176 2675 367 2764; x_wconf 74' lang='grc' dir='ltr'><strong>δυνήσονται</strong></span> <span class='ocrx_word' id='word_1_171' title='bbox 390 2672 421 2740; x_wconf 85' lang='grc' dir='ltr'><strong>οἱ</strong></span> <span class='ocrx_word' id='word_1_172' title='bbox 444 2669 545 2740; x_wconf 77' lang='grc' dir='ltr'><strong>σότιῖν</strong></span> <span class='ocrx_word' id='word_1_173' title='bbox 567 2671 730 2742; x_wconf 86' lang='grc' dir='ltr'><strong>Βενίτιιτοι</strong></span> <span class='ocrx_word' id='word_1_174' title='bbox 753 2679 886 2761; x_wconf 89' lang='grc' dir='ltr'><strong>κρασίον</strong></span> <span class='ocrx_word' id='word_1_175' title='bbox 908 2684 1057 2740; x_wconf 79' lang='grc' dir='ltr'><strong>παντοῖον</strong></span> <span class='ocrx_word' id='word_1_176' title='bbox 1079 2674 1193 2740; x_wconf 75' lang='grc' dir='ltr'><strong>πολεῖν</strong></span> <span class='ocrx_word' id='word_1_177' title='bbox 1216 2693 1321 2738; x_wconf 88' lang='grc' dir='ltr'><strong>κατα-</strong></span> 
     </span>
    </p>
   </div>
   <div class='ocr_carea' id='block_1_4' title="bbox 63 2792 1324 4874">
    <p class='ocr_par' dir='ltr' id='par_1_4' title="bbox 63 2792 1324 4874">
     <span class='ocr_line' id='line_1_20' title="bbox 66 2792 1324 2884; baseline 0.001 -24"><span class='ocrx_word' id='word_1_178' title='bbox 66 2808 230 2876; x_wconf 77' lang='grc' dir='ltr'><strong>ιοττικῶς,</strong></span> <span class='ocrx_word' id='word_1_179' title='bbox 254 2801 340 2864; x_wconf 82' lang='grc' dir='ltr'><strong>κατὰ</strong></span> <span class='ocrx_word' id='word_1_180' title='bbox 362 2807 469 2864; x_wconf 76' lang='grc' dir='ltr'><strong>πᾶσαν</strong></span> <span class='ocrx_word' id='word_1_181' title='bbox 490 2800 667 2884; x_wconf 77' lang='grc' dir='ltr'><strong>ποσότητα,</strong></span> <span class='ocrx_word' id='word_1_182' title='bbox 703 2795 776 2864; x_wconf 77' lang='grc' dir='ltr'><strong>ἄνευ</strong></span> <span class='ocrx_word' id='word_1_183' title='bbox 805 2798 888 2872; x_wconf 89' lang='grc' dir='ltr'><strong>τινός</strong></span> <span class='ocrx_word' id='word_1_184' title='bbox 913 2798 1031 2883; x_wconf 86' lang='grc' dir='ltr'><strong>βάροος</strong></span> <span class='ocrx_word' id='word_1_185' title='bbox 1057 2801 1243 2883; x_wconf 82' lang='grc' dir='ltr'><strong>νοοομίνοο,</strong></span> <span class='ocrx_word' id='word_1_186' title='bbox 1275 2792 1324 2862; x_wconf 82' lang='grc' dir='ltr'><strong>ὅτι</strong></span> 
     </span>
     <span class='ocr_line' id='line_1_21' title="bbox 63 2917 1321 3010; baseline 0.001 -25"><span class='ocrx_word' id='word_1_187' title='bbox 63 2923 110 2986; x_wconf 56' lang='lat' dir='ltr'><strong>aa&amp;</strong></span> <span class='ocrx_word' id='word_1_188' title='bbox 135 2929 191 3010; x_wconf 85' lang='grc' dir='ltr'><strong>τής</strong></span> <span class='ocrx_word' id='word_1_189' title='bbox 228 2923 390 3009; x_wconf 78' lang='grc' dir='ltr'><strong>καρούσης</strong></span> <span class='ocrx_word' id='word_1_190' title='bbox 425 2923 697 3006; x_wconf 82' lang='grc' dir='ltr'><strong>σογκαταβάσεοις</strong></span> <span class='ocrx_word' id='word_1_191' title='bbox 726 2921 769 3008; x_wconf 87' lang='grc' dir='ltr'><strong>μή</strong></span> <span class='ocrx_word' id='word_1_192' title='bbox 797 2923 945 2988; x_wconf 77' lang='grc' dir='ltr'><strong>νοιῖσδσι</strong></span> <span class='ocrx_word' id='word_1_193' title='bbox 971 2921 1026 2986; x_wconf 84' lang='grc' dir='ltr'><strong>διά</strong></span> <span class='ocrx_word' id='word_1_194' title='bbox 1051 2927 1143 2988; x_wconf 80' lang='grc' dir='ltr'><strong>τοῦτο</strong></span> <span class='ocrx_word' id='word_1_195' title='bbox 1169 2917 1321 2986; x_wconf 75' lang='grc' dir='ltr'><strong>ἐλαττοῦ-</strong></span> 
     </span>
     <span class='ocr_line' id='line_1_22' title="bbox 66 3043 1320 3134; baseline -0.002 -22"><span class='ocrx_word' id='word_1_196' title='bbox 66 3049 137 3112; x_wconf 82' lang='grc' dir='ltr'><strong>σδοι</strong></span> <span class='ocrx_word' id='word_1_197' title='bbox 164 3046 197 3113; x_wconf 78' lang='grc' dir='ltr'><strong>ἐν</strong></span> <span class='ocrx_word' id='word_1_198' title='bbox 225 3047 269 3133; x_wconf 71' lang='grc' dir='ltr'><strong>τῷ</strong></span> <span class='ocrx_word' id='word_1_199' title='bbox 294 3047 442 3134; x_wconf 75' lang='grc' dir='ltr'><strong>μέλλοντι</strong></span> <span class='ocrx_word' id='word_1_200' title='bbox 469 3050 573 3134; x_wconf 74' lang='grc' dir='ltr'><strong>χρόνῳ</strong></span> <span class='ocrx_word' id='word_1_201' title='bbox 600 3049 657 3120; x_wconf 83' lang='grc' dir='ltr'><strong>τὰς</strong></span> <span class='ocrx_word' id='word_1_202' title='bbox 687 3043 872 3132; x_wconf 74' lang='grc' dir='ltr'><strong>ίλτοδερίας</strong></span> <span class='ocrx_word' id='word_1_203' title='bbox 895 3055 956 3112; x_wconf 80' lang='grc' dir='ltr'><strong>τῶν</strong></span> <span class='ocrx_word' id='word_1_204' title='bbox 978 3043 1170 3124; x_wconf 83' lang='grc' dir='ltr'><strong>Βενιτίκιον,</strong></span> <span class='ocrx_word' id='word_1_205' title='bbox 1206 3047 1320 3119; x_wconf 75' lang='grc' dir='ltr'><strong>καθώς</strong></span> 
     </span>
     <span class='ocr_line' id='line_1_23' title="bbox 66 3164 1320 3257; baseline -0.001 -22"><span class='ocrx_word' id='word_1_206' title='bbox 66 3171 126 3236; x_wconf 75' lang='grc' dir='ltr'><strong>ἐστι</strong></span> <span class='ocrx_word' id='word_1_207' title='bbox 151 3171 287 3237; x_wconf 82' lang='grc' dir='ltr'><strong>δίκαιον.</strong></span> <span class='ocrx_word' id='word_1_208' title='bbox 318 3169 365 3236; x_wconf 82' lang='grc' dir='ltr'><strong>ίτι</strong></span> <span class='ocrx_word' id='word_1_209' title='bbox 394 3174 490 3257; x_wconf 83' lang='grc' dir='ltr'><strong>μίσον</strong></span> <span class='ocrx_word' id='word_1_210' title='bbox 517 3165 606 3257; x_wconf 72' lang='grc' dir='ltr'><strong>ἡμῶν</strong></span> <span class='ocrx_word' id='word_1_211' title='bbox 633 3173 690 3236; x_wconf 85' lang='grc' dir='ltr'><strong>καί</strong></span> <span class='ocrx_word' id='word_1_212' title='bbox 716 3177 772 3255; x_wconf 86' lang='grc' dir='ltr'><strong>τής</strong></span> <span class='ocrx_word' id='word_1_213' title='bbox 794 3169 961 3254; x_wconf 83' lang='grc' dir='ltr'><strong>βασιλιίοις</strong></span> <span class='ocrx_word' id='word_1_214' title='bbox 991 3164 1080 3256; x_wconf 77' lang='grc' dir='ltr'><strong>ἡμῶν</strong></span> <span class='ocrx_word' id='word_1_215' title='bbox 1102 3172 1159 3236; x_wconf 80' lang='grc' dir='ltr'><strong>καί</strong></span> <span class='ocrx_word' id='word_1_216' title='bbox 1181 3178 1236 3234; x_wconf 80' lang='grc' dir='ltr'><strong>τοῦ</strong></span> <span class='ocrx_word' id='word_1_217' title='bbox 1261 3165 1320 3256; x_wconf 84' lang='grc' dir='ltr'><strong>ῥη-</strong></span> 
     </span>
     <span class='ocr_line' id='line_1_24' title="bbox 65 3290 1319 3382; baseline -0.002 -22"><span class='ocrx_word' id='word_1_218' title='bbox 65 3297 169 3370; x_wconf 74' lang='grc' dir='ltr'><strong>θέντος</strong></span> <span class='ocrx_word' id='word_1_219' title='bbox 195 3303 294 3382; x_wconf 80' lang='grc' dir='ltr'><strong>κοροιῖ</strong></span> <span class='ocrx_word' id='word_1_220' title='bbox 322 3291 576 3380; x_wconf 75' lang='grc' dir='ltr'><strong>ἀποκριοιαρίοο,</strong></span> <span class='ocrx_word' id='word_1_221' title='bbox 612 3293 760 3360; x_wconf 86' lang='grc' dir='ltr'><strong>σονδίκοο</strong></span> <span class='ocrx_word' id='word_1_222' title='bbox 787 3296 844 3358; x_wconf 85' lang='grc' dir='ltr'><strong>καί</strong></span> <span class='ocrx_word' id='word_1_223' title='bbox 872 3290 1037 3380; x_wconf 79' lang='grc' dir='ltr'><strong>ἐτιτρόκοο</strong></span> <span class='ocrx_word' id='word_1_224' title='bbox 1068 3296 1180 3373; x_wconf 85' lang='grc' dir='ltr'><strong>γίγονε</strong></span> <span class='ocrx_word' id='word_1_225' title='bbox 1209 3297 1319 3381; x_wconf 81' lang='grc' dir='ltr'><strong>σορός,</strong></span> 
     </span>
     <span class='ocr_line' id='line_1_25' title="bbox 66 3414 1319 3506; baseline 0.001 -24"><span class='ocrx_word' id='word_1_226' title='bbox 66 3415 138 3483; x_wconf 73' lang='grc' dir='ltr'><strong>ὥστε</strong></span> <span class='ocrx_word' id='word_1_227' title='bbox 160 3414 236 3504; x_wconf 80' lang='grc' dir='ltr'><strong>όιιόρ</strong></span> <span class='ocrx_word' id='word_1_228' title='bbox 260 3426 315 3483; x_wconf 82' lang='grc' dir='ltr'><strong>τοῦ</strong></span> <span class='ocrx_word' id='word_1_229' title='bbox 336 3427 445 3484; x_wconf 87' lang='grc' dir='ltr'><strong>ιτάσαν</strong></span> <span class='ocrx_word' id='word_1_230' title='bbox 468 3415 661 3506; x_wconf 74' lang='grc' dir='ltr'><strong>ἀμφιβολίαν</strong></span> <span class='ocrx_word' id='word_1_231' title='bbox 685 3415 916 3504; x_wconf 65' lang='grc' dir='ltr'><strong>ίιναιρηβήναι,</strong></span> <span class='ocrx_word' id='word_1_232' title='bbox 939 3417 1101 3484; x_wconf 74' lang='grc' dir='ltr'><strong>δόνασδαι</strong></span> <span class='ocrx_word' id='word_1_233' title='bbox 1124 3417 1196 3491; x_wconf 86' lang='grc' dir='ltr'><strong>τοός</strong></span> <span class='ocrx_word' id='word_1_234' title='bbox 1217 3416 1319 3486; x_wconf 87' lang='grc' dir='ltr'><strong>Βενε-</strong></span> 
     </span>
     <span class='ocr_line' id='line_1_26' title="bbox 66 3538 1319 3630; baseline 0.002 -26"><span class='ocrx_word' id='word_1_235' title='bbox 66 3545 160 3617; x_wconf 88' lang='grc' dir='ltr'><strong>τίκοος</strong></span> <span class='ocrx_word' id='word_1_236' title='bbox 187 3540 367 3628; x_wconf 79' lang='grc' dir='ltr'><strong>ίλεοδόριος</strong></span> <span class='ocrx_word' id='word_1_237' title='bbox 400 3541 513 3608; x_wconf 77' lang='grc' dir='ltr'><strong>πολεῖν</strong></span> <span class='ocrx_word' id='word_1_238' title='bbox 548 3553 633 3608; x_wconf 88' lang='grc' dir='ltr'><strong>σῖτον</strong></span> <span class='ocrx_word' id='word_1_239' title='bbox 661 3538 694 3605; x_wconf 75' lang='grc' dir='ltr'><strong>ἐν</strong></span> <span class='ocrx_word' id='word_1_240' title='bbox 719 3544 812 3606; x_wconf 85' lang='grc' dir='ltr'><strong>ααντί</strong></span> <span class='ocrx_word' id='word_1_241' title='bbox 840 3543 928 3628; x_wconf 88' lang='grc' dir='ltr'><strong>μίρει</strong></span> <span class='ocrx_word' id='word_1_242' title='bbox 954 3543 1010 3608; x_wconf 89' lang='grc' dir='ltr'><strong>καί</strong></span> <span class='ocrx_word' id='word_1_243' title='bbox 1037 3544 1121 3628; x_wconf 77' lang='grc' dir='ltr'><strong>τόσῳ</strong></span> <span class='ocrx_word' id='word_1_244' title='bbox 1143 3550 1200 3630; x_wconf 80' lang='grc' dir='ltr'><strong>τῆς</strong></span> <span class='ocrx_word' id='word_1_245' title='bbox 1225 3543 1319 3626; x_wconf 85' lang='grc' dir='ltr'><strong>βασι-</strong></span> 
     </span>
     <span class='ocr_line' id='line_1_27' title="bbox 67 3661 1318 3754; baseline 0.002 -25"><span class='ocrx_word' id='word_1_246' title='bbox 67 3667 143 3740; x_wconf 81' lang='grc' dir='ltr'><strong>λείας</strong></span> <span class='ocrx_word' id='word_1_247' title='bbox 164 3662 270 3754; x_wconf 82' lang='grc' dir='ltr'><strong>ήμιῑιν,</strong></span> <span class='ocrx_word' id='word_1_248' title='bbox 299 3661 377 3733; x_wconf 85' lang='grc' dir='ltr'><strong>όιτοο</strong></span> <span class='ocrx_word' id='word_1_249' title='bbox 400 3661 460 3730; x_wconf 82' lang='grc' dir='ltr'><strong>οδκ</strong></span> <span class='ocrx_word' id='word_1_250' title='bbox 484 3664 551 3730; x_wconf 79' lang='grc' dir='ltr'><strong>ἔστι</strong></span> <span class='ocrx_word' id='word_1_251' title='bbox 573 3667 778 3753; x_wconf 79' lang='grc' dir='ltr'><strong>αροσρόριον,</strong></span> <span class='ocrx_word' id='word_1_252' title='bbox 802 3668 984 3750; x_wconf 84' lang='grc' dir='ltr'><strong>σιοζομίνοο</strong></span> <span class='ocrx_word' id='word_1_253' title='bbox 1007 3674 1063 3731; x_wconf 86' lang='grc' dir='ltr'><strong>τοό</strong></span> <span class='ocrx_word' id='word_1_254' title='bbox 1090 3667 1132 3754; x_wconf 84' lang='grc' dir='ltr'><strong>μή</strong></span> <span class='ocrx_word' id='word_1_255' title='bbox 1157 3669 1210 3734; x_wconf 86' lang='grc' dir='ltr'><strong>τόν</strong></span> <span class='ocrx_word' id='word_1_256' title='bbox 1234 3677 1318 3732; x_wconf 87' lang='grc' dir='ltr'><strong>σῖτον</strong></span> 
     </span>
     <span class='ocr_line' id='line_1_28' title="bbox 67 3785 1319 3876; baseline 0.004 -25"><span class='ocrx_word' id='word_1_257' title='bbox 67 3788 175 3856; x_wconf 81' lang='grc' dir='ltr'><strong>ὲκιῑνον</strong></span> <span class='ocrx_word' id='word_1_258' title='bbox 199 3792 413 3876; x_wconf 70' lang='grc' dir='ltr'><strong>γεωργεῖσθαι</strong></span> <span class='ocrx_word' id='word_1_259' title='bbox 436 3787 469 3854; x_wconf 75' lang='grc' dir='ltr'><strong>ἐν</strong></span> <span class='ocrx_word' id='word_1_260' title='bbox 492 3800 533 3875; x_wconf 83' lang='grc' dir='ltr'><strong>τή</strong></span> <span class='ocrx_word' id='word_1_261' title='bbox 554 3785 693 3876; x_wconf 67' lang='grc' dir='ltr'><strong>ἡμετέρη</strong></span> <span class='ocrx_word' id='word_1_262' title='bbox 715 3788 874 3874; x_wconf 82' lang='grc' dir='ltr'><strong>βασιλείη,</strong></span> <span class='ocrx_word' id='word_1_263' title='bbox 898 3785 974 3876; x_wconf 77' lang='grc' dir='ltr'><strong>ὅπερ</strong></span> <span class='ocrx_word' id='word_1_264' title='bbox 998 3787 1215 3876; x_wconf 78' lang='grc' dir='ltr'><strong>ίνοικομενίτιο</strong></span> <span class='ocrx_word' id='word_1_265' title='bbox 1234 3793 1319 3856; x_wconf 83' lang='grc' dir='ltr'><strong>κατὰ</strong></span> 
     </span>
     <span class='ocr_line' id='line_1_29' title="bbox 67 3910 1320 4001; baseline 0.006 -29"><span class='ocrx_word' id='word_1_266' title='bbox 67 3914 110 3976; x_wconf 85' lang='grc' dir='ltr'><strong>τόν</strong></span> <span class='ocrx_word' id='word_1_267' title='bbox 131 3915 225 3980; x_wconf 79' lang='grc' dir='ltr'><strong>τόπον</strong></span> <span class='ocrx_word' id='word_1_268' title='bbox 249 3923 309 3977; x_wconf 81' lang='grc' dir='ltr'><strong>τῶν</strong></span> <span class='ocrx_word' id='word_1_269' title='bbox 332 3912 460 3999; x_wconf 80' lang='grc' dir='ltr'><strong>τρτβιῖν·</strong></span> <span class='ocrx_word' id='word_1_270' title='bbox 485 3911 513 3976; x_wconf 83' lang='grc' dir='ltr'><strong>εὶ</strong></span> <span class='ocrx_word' id='word_1_271' title='bbox 536 3912 573 3978; x_wconf 78' lang='grc' dir='ltr'><strong>δὲ</strong></span> <span class='ocrx_word' id='word_1_272' title='bbox 596 3910 626 3977; x_wconf 81' lang='grc' dir='ltr'><strong>οἱ</strong></span> <span class='ocrx_word' id='word_1_273' title='bbox 647 3910 814 3978; x_wconf 86' lang='grc' dir='ltr'><strong>Βενίτικοι</strong></span> <span class='ocrx_word' id='word_1_274' title='bbox 836 3912 958 3978; x_wconf 79' lang='grc' dir='ltr'><strong>δόλοισι</strong></span> <span class='ocrx_word' id='word_1_275' title='bbox 976 3913 1091 3980; x_wconf 75' lang='grc' dir='ltr'><strong>καλεῖν</strong></span> <span class='ocrx_word' id='word_1_276' title='bbox 1113 3912 1146 3978; x_wconf 77' lang='grc' dir='ltr'><strong>όν</strong></span> <span class='ocrx_word' id='word_1_277' title='bbox 1170 3913 1213 4001; x_wconf 71' lang='grc' dir='ltr'><strong>τῷ</strong></span> <span class='ocrx_word' id='word_1_278' title='bbox 1235 3917 1320 4000; x_wconf 80' lang='grc' dir='ltr'><strong>τόκῳ</strong></span> 
     </span>
     <span class='ocr_line' id='line_1_30' title="bbox 67 4033 1320 4126; baseline 0.005 -28"><span class='ocrx_word' id='word_1_279' title='bbox 67 4046 112 4102; x_wconf 80' lang='grc' dir='ltr'><strong>τοῦ</strong></span> <span class='ocrx_word' id='word_1_280' title='bbox 143 4041 350 4126; x_wconf 84' lang='grc' dir='ltr'><strong>ττροορορίοο,</strong></span> <span class='ocrx_word' id='word_1_281' title='bbox 386 4037 535 4102; x_wconf 88' lang='grc' dir='ltr'><strong>δόναντοιι</strong></span> <span class='ocrx_word' id='word_1_282' title='bbox 567 4035 679 4100; x_wconf 75' lang='grc' dir='ltr'><strong>πολεῖν</strong></span> <span class='ocrx_word' id='word_1_283' title='bbox 707 4033 911 4112; x_wconf 74' lang='grc' dir='ltr'><strong>ἀποδιδόντες</strong></span> <span class='ocrx_word' id='word_1_284' title='bbox 934 4039 970 4102; x_wconf 87' lang='grc' dir='ltr'><strong>τό</strong></span> <span class='ocrx_word' id='word_1_285' title='bbox 994 4041 1206 4124; x_wconf 76' lang='grc' dir='ltr'><strong>κομμίρκιον,</strong></span> <span class='ocrx_word' id='word_1_286' title='bbox 1239 4038 1320 4124; x_wconf 88' lang='grc' dir='ltr'><strong>ιτλήν</strong></span> 
     </span>
     <span class='ocr_line' id='line_1_31' title="bbox 68 4158 1319 4249; baseline 0.003 -25"><span class='ocrx_word' id='word_1_287' title='bbox 68 4162 154 4238; x_wconf 78' lang='grc' dir='ltr'><strong>εἴτις</strong></span> <span class='ocrx_word' id='word_1_288' title='bbox 181 4173 243 4229; x_wconf 74' lang='grc' dir='ltr'><strong>τῶν</strong></span> <span class='ocrx_word' id='word_1_289' title='bbox 270 4161 434 4249; x_wconf 78' lang='grc' dir='ltr'><strong>Ῥωμαίων</strong></span> <span class='ocrx_word' id='word_1_290' title='bbox 461 4161 597 4248; x_wconf 75' lang='grc' dir='ltr'><strong>θελήσει</strong></span> <span class='ocrx_word' id='word_1_291' title='bbox 630 4160 745 4226; x_wconf 80' lang='grc' dir='ltr'><strong>καλεῖν</strong></span> <span class='ocrx_word' id='word_1_292' title='bbox 780 4172 879 4240; x_wconf 85' lang='grc' dir='ltr'><strong>σῖτον,</strong></span> <span class='ocrx_word' id='word_1_293' title='bbox 915 4158 994 4230; x_wconf 83' lang='grc' dir='ltr'><strong>διιοο</strong></span> <span class='ocrx_word' id='word_1_294' title='bbox 1021 4159 1038 4227; x_wconf 86' lang='grc' dir='ltr'><strong>ό</strong></span> <span class='ocrx_word' id='word_1_295' title='bbox 1065 4161 1234 4238; x_wconf 81' lang='grc' dir='ltr'><strong>Βινίτικος</strong></span> <span class='ocrx_word' id='word_1_296' title='bbox 1259 4163 1319 4241; x_wconf 81' lang='grc' dir='ltr'><strong>ίζιι</strong></span> 
     </span>
     <span class='ocr_line' id='line_1_32' title="bbox 68 4280 1318 4376; baseline 0.003 -28"><span class='ocrx_word' id='word_1_297' title='bbox 68 4295 113 4350; x_wconf 81' lang='grc' dir='ltr'><strong>τοο</strong></span> <span class='ocrx_word' id='word_1_298' title='bbox 143 4291 336 4376; x_wconf 83' lang='grc' dir='ltr'><strong>κροσρορίοο</strong></span> <span class='ocrx_word' id='word_1_299' title='bbox 357 4285 487 4362; x_wconf 77' lang='grc' dir='ltr'><strong>πωλεῖν,</strong></span> <span class='ocrx_word' id='word_1_300' title='bbox 522 4286 593 4350; x_wconf 81' lang='grc' dir='ltr'><strong>τότε</strong></span> <span class='ocrx_word' id='word_1_301' title='bbox 621 4280 638 4349; x_wconf 84' lang='grc' dir='ltr'><strong>ό</strong></span> <span class='ocrx_word' id='word_1_302' title='bbox 666 4281 835 4360; x_wconf 80' lang='grc' dir='ltr'><strong>Βινότικος</strong></span> <span class='ocrx_word' id='word_1_303' title='bbox 866 4281 926 4350; x_wconf 78' lang='grc' dir='ltr'><strong>οὐκ</strong></span> <span class='ocrx_word' id='word_1_304' title='bbox 960 4283 1142 4375; x_wconf 80' lang='grc' dir='ltr'><strong>άτορλήοει</strong></span> <span class='ocrx_word' id='word_1_305' title='bbox 1174 4291 1318 4374; x_wconf 79' lang='grc' dir='ltr'><strong>κομμίρ-</strong></span> 
     </span>
     <span class='ocr_line' id='line_1_33' title="bbox 67 4406 1320 4502; baseline 0.005 -30"><span class='ocrx_word' id='word_1_306' title='bbox 67 4431 126 4474; x_wconf 86' lang='grc' dir='ltr'><strong>κιον</strong></span> <span class='ocrx_word' id='word_1_307' title='bbox 161 4413 215 4477; x_wconf 89' lang='grc' dir='ltr'><strong>διόι</strong></span> <span class='ocrx_word' id='word_1_308' title='bbox 253 4413 289 4478; x_wconf 87' lang='grc' dir='ltr'><strong>τό</strong></span> <span class='ocrx_word' id='word_1_309' title='bbox 328 4409 417 4496; x_wconf 66' lang='grc' dir='ltr'><strong>ἔχειν</strong></span> <span class='ocrx_word' id='word_1_310' title='bbox 461 4406 571 4474; x_wconf 80' lang='grc' dir='ltr'><strong>ἄδειαν</strong></span> <span class='ocrx_word' id='word_1_311' title='bbox 611 4408 736 4476; x_wconf 78' lang='grc' dir='ltr'><strong>αιιλείν.</strong></span> <span class='ocrx_word' id='word_1_312' title='bbox 775 4413 832 4475; x_wconf 87' lang='grc' dir='ltr'><strong>καί</strong></span> <span class='ocrx_word' id='word_1_313' title='bbox 870 4407 978 4497; x_wconf 82' lang='grc' dir='ltr'><strong>ίαιιδή</strong></span> <span class='ocrx_word' id='word_1_314' title='bbox 1015 4411 1133 4476; x_wconf 73' lang='grc' dir='ltr'><strong>πολλαί</strong></span> <span class='ocrx_word' id='word_1_315' title='bbox 1170 4412 1320 4502; x_wconf 77' lang='grc' dir='ltr'><strong>διαφοραί</strong></span> 
     </span>
     <span class='ocr_line' id='line_1_34' title="bbox 68 4529 1319 4621; baseline 0.007 -25"><span class='ocrx_word' id='word_1_316' title='bbox 68 4537 204 4612; x_wconf 83' lang='grc' dir='ltr'><strong>γιγόναοι</strong></span> <span class='ocrx_word' id='word_1_317' title='bbox 227 4537 325 4620; x_wconf 77' lang='grc' dir='ltr'><strong>μίσον</strong></span> <span class='ocrx_word' id='word_1_318' title='bbox 348 4529 437 4621; x_wconf 76' lang='grc' dir='ltr'><strong>ἡμῶν</strong></span> <span class='ocrx_word' id='word_1_319' title='bbox 461 4536 516 4598; x_wconf 87' lang='grc' dir='ltr'><strong>καί</strong></span> <span class='ocrx_word' id='word_1_320' title='bbox 543 4541 599 4620; x_wconf 83' lang='grc' dir='ltr'><strong>τῆς</strong></span> <span class='ocrx_word' id='word_1_321' title='bbox 622 4531 785 4616; x_wconf 72' lang='grc' dir='ltr'><strong>βασάείιις</strong></span> <span class='ocrx_word' id='word_1_322' title='bbox 808 4529 897 4620; x_wconf 80' lang='grc' dir='ltr'><strong>ήμόν</strong></span> <span class='ocrx_word' id='word_1_323' title='bbox 924 4537 980 4598; x_wconf 84' lang='grc' dir='ltr'><strong>καί</strong></span> <span class='ocrx_word' id='word_1_324' title='bbox 1001 4542 1058 4600; x_wconf 81' lang='grc' dir='ltr'><strong>τοῦ</strong></span> <span class='ocrx_word' id='word_1_325' title='bbox 1082 4544 1179 4621; x_wconf 82' lang='grc' dir='ltr'><strong>κοροό</strong></span> <span class='ocrx_word' id='word_1_326' title='bbox 1202 4535 1319 4610; x_wconf 84' lang='grc' dir='ltr'><strong>δοοιιότ</strong></span> 
     </span>
     <span class='ocr_line' id='line_1_35' title="bbox 68 4655 1318 4747; baseline 0.005 -27"><span class='ocrx_word' id='word_1_327' title='bbox 68 4664 191 4726; x_wconf 77' lang='grc' dir='ltr'><strong>καὶτοῦ</strong></span> <span class='ocrx_word' id='word_1_328' title='bbox 226 4662 416 4746; x_wconf 90' lang='grc' dir='ltr'><strong>κοομοονίοο</strong></span> <span class='ocrx_word' id='word_1_329' title='bbox 443 4656 592 4728; x_wconf 81' lang='grc' dir='ltr'><strong>Βινιτίας</strong></span> <span class='ocrx_word' id='word_1_330' title='bbox 620 4659 690 4742; x_wconf 82' lang='grc' dir='ltr'><strong>ιττρί</strong></span> <span class='ocrx_word' id='word_1_331' title='bbox 717 4664 772 4722; x_wconf 78' lang='grc' dir='ltr'><strong>τοῦ</strong></span> <span class='ocrx_word' id='word_1_332' title='bbox 795 4659 891 4722; x_wconf 79' lang='grc' dir='ltr'><strong>τότοο</strong></span> <span class='ocrx_word' id='word_1_333' title='bbox 918 4667 974 4722; x_wconf 83' lang='grc' dir='ltr'><strong>τοῦ</strong></span> <span class='ocrx_word' id='word_1_334' title='bbox 1001 4664 1212 4747; x_wconf 81' lang='grc' dir='ltr'><strong>αροορορίοο,</strong></span> <span class='ocrx_word' id='word_1_335' title='bbox 1241 4655 1318 4746; x_wconf 78' lang='grc' dir='ltr'><strong>δαίμ</strong></span> 
     </span>
     <span class='ocr_line' id='line_1_36' title="bbox 69 4777 1318 4874; baseline 0.005 -28"><span class='ocrx_word' id='word_1_336' title='bbox 69 4787 200 4866; x_wconf 71' lang='grc' dir='ltr'><strong>μείζονος</strong></span> <span class='ocrx_word' id='word_1_337' title='bbox 224 4787 383 4874; x_wconf 80' lang='grc' dir='ltr'><strong>σαρηνίος</strong></span> <span class='ocrx_word' id='word_1_338' title='bbox 405 4784 559 4867; x_wconf 87' lang='grc' dir='ltr'><strong>τάττομεν</strong></span> <span class='ocrx_word' id='word_1_339' title='bbox 583 4781 636 4846; x_wconf 87' lang='grc' dir='ltr'><strong>τόν</strong></span> <span class='ocrx_word' id='word_1_340' title='bbox 660 4777 824 4868; x_wconf 84' lang='grc' dir='ltr'><strong>ιίρημίνον</strong></span> <span class='ocrx_word' id='word_1_341' title='bbox 847 4790 902 4848; x_wconf 78' lang='grc' dir='ltr'><strong>τοῦ</strong></span> <span class='ocrx_word' id='word_1_342' title='bbox 932 4787 1123 4871; x_wconf 84' lang='grc' dir='ltr'><strong>αροορορίοο</strong></span> <span class='ocrx_word' id='word_1_343' title='bbox 1150 4787 1246 4850; x_wconf 88' lang='grc' dir='ltr'><strong>τόιτον</strong></span> <span class='ocrx_word' id='word_1_344' title='bbox 1272 4782 1318 4852; x_wconf 82' lang='grc' dir='ltr'><strong>εί-</strong></span> 
     </span>
    </p>
   </div>
   <div class='ocr_carea' id='block_1_5' title="bbox 0 0 1581 5268">
    <p class='ocr_par' dir='ltr' id='par_1_5' title="bbox 0 0 1581 5268">
     <span class='ocr_line' id='line_1_37' title="bbox 0 0 1581 5268; baseline 0 0"><span class='ocrx_word' id='word_1_345' title='bbox 0 0 1581 5268; x_wconf 95' lang='lat' dir='ltr'><strong> </strong></span> 
     </span>
    </p>
   </div>
  </div>
 </body>
</html>
