3148 5268
235 363 284 436 ίθ

239 552 352 621 δοσίοο
380 555 437 618 καί
464 551 543 640 ἐχον
559 520 756 641 ’ἐμηόειυμα
784 549 943 640 όπίρτορο
973 553 1015 620 θ’.
1043 551 1152 638 ἕτερον
1183 549 1306 640 οίκημα
1335 553 1516 641 πλησιάζον

241 679 298 745 καί
331 687 372 764 πή
406 687 490 764 μονή
516 685 572 742 τοῦ
606 674 669 742 ἀπό
697 675 892 757 Δογοθετῦν
919 678 1070 764 διαρόρον
1097 683 1153 744 καί
1180 681 1401 764 κατεχόμενον
1429 681 1517 762 παρά

241 821 325 874 τινος
341 797 500 868 Είνδοκίου
523 799 567 874 είς
591 795 752 887 όπίρπυρα
771 802 863 866 δίκα.
889 799 937 866 ἔτι
962 802 1123 888 παράδοτε
1145 799 1190 887 τῷ
1212 797 1298 888 αότῷ
1319 799 1517 887 ἀποκρισεσ-

241 930 299 1012 ρίρ
327 923 351 992 Γ
353 928 466 998 ενοόας
499 926 615 1010 δοιαίιρ
649 934 705 990 τοῦ
739 929 880 1011 κάστροο
913 929 970 992 καί
996 935 1052 1012 τής
1080 930 1189 1012 χώρας
1219 925 1357 1000 Γενοόας
1379 930 1436 992 καί
1459 928 1518 1013 τήν

241 1052 318 1134 μίαν
344 1050 500 1134 παράλιον
528 1049 654 1114 σκάλαν
680 1049 737 1136 τήν
766 1050 979 1137 διαφόρουσαν
1007 1059 1046 1137 τή
1071 1051 1232 1137 σεβασμίη
1255 1061 1337 1138 μονή
1360 1059 1416 1116 τοῦ
1438 1047 1516 1116 δία-

241 1172 339 1258 νοοήλ
373 1175 429 1236 καί
462 1172 703 1258 πλησιάζουσαν
736 1183 776 1260 τῇ
813 1175 900 1258 παρὰ
938 1181 999 1237 τῶν
1037 1171 1209 1240 Γενυυῑτῦν
1245 1179 1517 1260 προκατεχομὲνη

242 1298 352 1381 σκάλα
373 1301 430 1364 καί
455 1296 595 1383 ἐχουσαν
619 1295 752 1384 ἐτησίως
781 1296 966 1386 ἑμρότευμα
988 1299 1098 1386 λίτραν
1122 1303 1197 1385 μίαν
1221 1295 1413 1386 όπερπόρεεν.
1445 1299 1517 1386 εἶχε

240 1423 286 1485 τό·
312 1425 419 1508 μηνί
453 1419 686 1506 όκτοβρίφ
720 1419 800 1486 ἐνδ.
837 1419 860 1484 ε’
893 1419 944 1485 δι’
980 1421 1190 1509 ἐρυθρῦν
1230 1427 1517 1510 γραμμάτων

240 1555 319 1634 τῆς
354 1545 611 1631 βασιλικῆς
645 1549 723 1608 καί
756 1545 895 1618 θείας
930 1547 1104 1631 χειρός.

329 1667 424 1734 Κατὰ
452 1675 528 1748 γοῦν
556 1668 611 1754 τήν
641 1665 807 1754 περίληψιν
835 1676 891 1734 τοῦ
917 1671 1061 1734 τοιούτου
1093 1669 1262 1752 βασιλικοῦ
1293 1677 1517 1756 προσποιητοῦ

241 1794 488 1878 προστάγματος
520 1789 704 1877 ἐπήλθομεν
735 1795 774 1857 τὰ
804 1792 1054 1879 προδωρηθίντα
1081 1791 1245 1880 οἰκήματα
1265 1797 1304 1858 τὰ
1331 1795 1519 1881 δηλούμενα

241 1913 274 1980 ἐν
298 1913 340 2000 τῷ
364 1917 508 1995 γεγονότι
530 1913 695 2002 πρακτικῷ
716 1925 772 2003 τῆς
795 1915 1003 2002 παραδόσεως
1032 1913 1135 1981 οότεῦν
1158 1921 1243 1982 κατὰ
1267 1919 1319 1982 τόν
1348 1915 1518 2004 άπρίλλιον

241 2048 328 2126 μήνα
342 2049 398 2127 τής
414 2040 432 2104 ι’
453 2039 528 2116 ίνδ.,
552 2043 609 2104 καί
630 2039 811 2128 διαγραρήν
833 2043 919 2105 κατὰ
942 2037 1057 2106 τοῦτὸν
1079 2039 1137 2106 καὶ
1158 2041 1336 2127 παράδοσιν
1359 2050 1420 2106 τῶν
1443 2063 1517 2105 τοι·

241 2164 340 2228 οῦτων
368 2166 587 2250 πεποιήκαμεν
619 2165 696 2250 πρός
726 2165 779 2228 τόν
811 2166 1020 2250 συνεπόμενον
1043 2160 1195 2250 ἡμῖνκαὶ
1220 2165 1519 2250 παραλαμβάνοντα

239 2289 356 2373 δικαίην
391 2295 447 2352 τοῦ
477 2291 618 2373 κάστροο
649 2285 801 2364 Γενοῦας,
833 2289 887 2351 τόν
915 2291 1129 2353 συνετώτατον
1153 2285 1394 2376 άποκριοιάριον
1422 2287 1520 2354 Ὦτο-

239 2414 359 2498 μπόνον
383 2411 584 2497 Δελακρόζα,
612 2412 691 2497 πρὸς
717 2411 753 2474 δέ
774 2407 831 2476 καὶ
854 2420 914 2475 τῶν
939 2406 1043 2498 ῥητῶς
1070 2411 1274 2499 δηλουμένων
1298 2412 1332 2476 ἐν
1355 2413 1400 2500 τῷ
1422 2435 1519 2496 γεγο-

240 2539 306 2601 νότι
330 2533 445 2621 ἀρτίως
467 2534 675 2622 προσκυνητῴ
696 2537 918 2621 προστάγματι
941 2531 984 2621 τῷ
1008 2533 1253 2622 όναταττομίνηι
1279 2533 1404 2602 ἄνωθεν
1436 2536 1512 2604 ἐπέ-

239 2681 331 2724 κεινα
357 2669 417 2723 τεῦν
445 2659 714 2746 προδωρηθίντων
737 2663 794 2724 καί
815 2659 1125 2745 προπαραδοθέντων
1151 2655 1272 2737 αὐτοῖς,
1296 2658 1351 2724 καί
1381 2659 1518 2746 ίχουσιν

242 2780 352 2858 οὕτως·
376 2786 412 2848 τό
435 2781 479 2856 ὡς
504 2783 544 2848 ἐκ
566 2803 650 2856 τινος
674 2781 777 2871 ἀρχῆς
801 2784 1060 2870 ἐγγεγραμμένον
1083 2787 1270 2869 περίμετρον
1293 2791 1349 2848 τοῦ
1372 2783 1520 2870 ἐμβολο·

241 2911 349 2974 τοπίοο
372 2912 429 2972 καί
451 2918 511 2972 τῦν
534 2911 604 2993 περί
627 2903 720 2984 αότό,
744 2909 779 2971 τό
804 2905 984 2994 ἀρχόμενον
1008 2903 1071 2972 άτό
1095 2916 1151 2993 τής
1174 2909 1252 2993 πρὸς
1273 2905 1433 2982 ἀνατολὰς
1458 2905 1519 2994 ῥυ-

242 3031 334 3116 μίδος
358 3040 413 3118 τής
441 3031 626 3118 διαιρούσης
655 3029 781 3096 ἐκεῖθεν
809 3034 847 3094 τά
871 3028 1035 3118 οἰκήματα
1058 3039 1113 3094 τοῦ
1138 3028 1228 3096 όσίου
1255 3029 1417 3098 Βαοιανυῦ
1440 3029 1519 3119 ήτοι

241 3161 297 3220 τοῦ
325 3157 477 3242 μετοχίου
505 3164 566 3220 τῦν
590 3152 766 3240 Ἐλιγμῦν,
791 3153 875 3218 ἔνθα
897 3157 953 3218 καί
976 3156 1085 3228 πινσῦς
1113 3153 1292 3242 ἐγχόρηγυς
1320 3160 1377 3221 καί
1400 3157 1519 3244 διῆκον

239 3282 318 3367 πρός
341 3280 430 3345 δόσιν
464 3284 631 3346 κατέναντι
667 3289 727 3346 τῦν
754 3277 938 3366 οἰκημάτων
965 3287 1022 3365 τής
1048 3289 1146 3366 μυνής
1180 3289 1235 3367 τῆς
1269 3278 1408 3368 Ὑψηλής
1443 3281 1519 3368 ἔχει

241 3415 346 3493 μήκος
369 3408 485 3492 πήχεις
510 3403 704 3469 είκοσιπόντε
728 3407 785 3468 καί
806 3403 927 3478 πλάτος
951 3401 1014 3468 άπῦ
1037 3411 1093 3470 τοῦ
1116 3405 1274 3491 δημοσίου
1297 3402 1437 3492 ἐμβόλου
1458 3411 1520 3472 καί

239 3531 317 3616 πρός
345 3531 544 3616 μεσημβρίαν
574 3533 670 3616 μέχρι
697 3532 754 3592 καί
776 3537 832 3594 τοῦ
861 3528 1006 3615 ἐμπήλοο
1029 3533 1140 3614 τοίχου
1163 3538 1224 3593 τῶν
1248 3528 1432 3617 οἰκημάτων
1457 3543 1518 3598 τοῦ

241 3651 416 3742 ἀρχιητροῦ
444 3663 505 3718 τῶν
536 3653 748 3741 διαφερόντων
772 3663 837 3728 τοῖς
860 3650 884 3718 Γ
887 3649 1041 3726 ενουίταις
1063 3655 1179 3739 πήχεις
1202 3652 1255 3719 ιβ’.
1279 3657 1364 3719 κατὰ
1393 3653 1517 3720 ἀνατο-

240 3777 300 3851 λάς
337 3785 392 3842 τοῦ
422 3779 566 3842 τοιοῦτον
599 3782 788 3863 περιμέτρυο
826 3779 977 3858 οόνεγγος
1009 3785 1064 3863 τῆς
1102 3771 1260 3865 ῥηθείοης
1292 3773 1422 3865 βυμίῦυς
1463 3779 1517 3844 υί-

239 3925 331 3991 κημοι
355 3901 494 3983 ἀνοίγεον
518 3903 572 3968 διά
596 3903 814 3988 τρικλιναρίων
837 3897 1039 3990 ῦποσροιίρων
1064 3900 1261 3988 ἐπικείμενον
1291 3905 1335 3989 τῷ
1355 3905 1432 3990 πρός
1456 3905 1518 3992 τήν

240 4025 338 4116 αὐτήν
367 4023 483 4114 ῥυμίδα
518 4025 688 4114 ἐγχορήγφ
724 4027 964 4111 βυσαλοκτίοτιρ
998 4030 1149 4113 κτίσματι
1184 4031 1264 4112 μετά
1292 4031 1348 4092 καί
1374 4025 1518 4116 ἡλιακοῦ

239 4158 427 4239 χαμαγαίοο
461 4155 540 4237 πρός
576 4152 776 4238 μεσημβρίαν
803 4155 860 4215 καί
888 4151 965 4234 πρός
991 4150 1079 4214 δόσιν
1112 4149 1254 4230 ἀνωγίοο
1284 4147 1437 4238 ἡλιακοῦ,
1474 4150 1517 4218 οδ

239 4278 389 4341 κάτωθεν
412 4280 595 4362 κατάχυτυν
622 4273 805 4360 ἐξωστάρων
833 4282 888 4338 τοῦ
914 4273 1114 4360 μακελλικυῦ
1138 4272 1347 4362 ἐργαστηρίου
1368 4263 1516 4364 κατεχό-

242 4421 321 4486 μενα
354 4403 441 4486 παρὰ
475 4398 619 4466 Ἰωάννου
654 4408 709 4464 τοῦ
740 4396 968 4485 Ῥαψυμμάτοο
1000 4395 1049 4462 ἐπὶ
1081 4395 1295 4485 ἐμροτεόματι
1330 4394 1517 4488 ὑπεραίρων

240 4524 298 4590 δόο
322 4525 375 4590 διὰ
400 4527 434 4590 τά
458 4527 631 4613 κτισθῆναι
653 4521 725 4609 παρ’
751 4519 858 4604 αὐτοῦ,
886 4526 941 4588 καί
970 4524 1047 4608 πρός
1078 4523 1165 4588 δόσιν
1197 4524 1313 4590 τοότων
1348 4523 1517 4613 οἰκήματα

241 4653 424 4735 χαμαίγαια
459 4653 529 4736 τρία
563 4650 617 4714 διὰ
645 4649 864 4734 τρικλιναρίων
899 4650 1092 4734 ίυγωμάεων
1127 4651 1207 4733 μετὰ
1234 4651 1291 4714 καί
1326 4652 1518 4736 κατοιχότου

241 4776 416 4854 σκίποντος
450 4775 508 4848 τὰς
543 4774 659 4838 τούτων
705 4775 864 4863 σορεάροις
908 4773 1112 4858 κατεχόμενα
1157 4775 1244 4858 παρά
1281 4771 1421 4848 Λέοντος
1457 4785 1519 4841 τοῦ
