3148 5268
216 373 262 440 δέ

214 575 271 653 τῆς
295 565 422 630 εἰσόδου
446 565 562 650 ταύτης
585 569 641 628 καί
665 576 795 628 κατίσον
819 575 875 650 της
896 565 1056 650 δημοσίας
1080 561 1157 628 όδοό
1180 562 1343 650 οἰκήματα
1365 567 1488 648 χαμαί-

218 709 279 770 γτα
303 693 444 774 τέσσαρα
467 688 522 752 διὰ
545 689 736 773 καταχόταν
760 691 840 773 μιτὰ
863 692 920 752 καί
934 689 1108 773 προβολῶν.
1132 683 1300 773 ἡνωμένος
1322 689 1367 773 τῷ
1380 689 1491 772 πόργιρ

216 817 272 878 καί
295 813 543 897 κατέμπροσθτν
566 809 748 897 κατόχοτον
772 809 817 884 εἰς
841 808 1035 898 ἐργαστήρια
1059 812 1126 876 δύο.
1150 813 1227 896 πρός
1252 809 1413 884 ἀνατολὰς
1434 821 1491 874 τοῦ

217 938 361 1001 κανόλοο
384 945 439 999 τοῦ
463 932 673 1019 ἐξερχομένοο
697 932 760 998 ἀπὸ
784 943 840 1020 της
864 930 961 1021 αότης
984 939 1103 1022 κόρτης
1126 935 1386 1000 καταλλακτικὸν
1410 955 1490 1020 τρα-

216 1065 323 1134 πέζιον
347 1061 544 1143 σκεπόμενον
571 1058 626 1122 διὰ
649 1059 843 1143 καταχύτοο.
869 1055 901 1122 έν
925 1068 964 1144 τῇ
988 1055 1051 1124 ἀπὸ
1078 1067 1133 1124 τοῦ
1153 1060 1272 1144 πύργου
1294 1062 1494 1145 παρικτύσει

216 1195 276 1248 τῶν
298 1180 378 1247 ἑπτὰ
400 1178 499 1268 ἥμισο
533 1184 663 1268 πήχεων
696 1184 879 1278 κατόχοτον
911 1179 1051 1260 ἀνόγτον
1081 1185 1138 1246 καί
1169 1181 1352 1268 ἔμπροσθεν
1375 1185 1492 1248 τούτοο

216 1311 396 1405 χαμαίγεον
419 1309 502 1391 μετὰ
524 1309 581 1369 καί
604 1309 790 1391 σορταρέων.
816 1306 894 1389 πρὸς
920 1302 1079 1378 ἀνατολὰς
1102 1315 1157 1392 τῆς
1179 1309 1296 1393 πόρπης
1320 1310 1376 1372 καί
1394 1318 1491 1372 κατί-

219 1449 274 1496 σον
308 1439 364 1494 τοῦ
399 1433 524 1515 τείχοος
560 1431 640 1514 μετὰ
670 1426 835 1516 ἀποφυγὴν
863 1432 932 1494 τινὰ
955 1427 1119 1513 οἰκήματα
1147 1435 1314 1515 χαμαίγεα
1341 1436 1411 1515 τρία
1434 1431 1493 1496 διὰ

217 1556 349 1620 διπότοο
383 1555 579 1639 καταχύτοο.
616 1550 743 1638 ἀντικρύ
780 1554 896 1618 τούτων
920 1556 975 1616 καί
998 1565 1128 1618 κατϊσον
1163 1545 1217 1618 τὀύ
1249 1553 1397 1633 αἰγιαλοῦ
1432 1559 1493 1618 καί

219 1679 352 1759 ίγγιστα
375 1687 431 1744 τοῦ
454 1678 598 1743 καναίλοο
622 1676 743 1763 οἴκημα
767 1682 948 1763 χαμαίγεον
970 1677 1026 1742 διὰ
1046 1677 1179 1742 διπιίτοο
1199 1681 1392 1765 καταχότοο.
1409 1683 1493 1763 τρός

217 1804 305 1868 δύσιν
339 1804 452 1867 τοότοο
490 1801 701 1886 τρικλινύριον
737 1806 917 1888 χαμαίγεον
953 1805 1035 1886 μττά
1068 1802 1228 1888 προβολῆς
1263 1799 1296 1866 έν
1325 1799 1405 1890 αότη
1432 1808 1494 1868 καί

215 1928 411 2004 Εολοσκάλαι
433 1927 500 1992 δύο.
525 1924 619 2012 έτέρα
636 1927 743 1990 σκόλα
766 1922 786 2013 ἡ
809 1928 887 2010 πρός
903 1923 1063 2000 ἀνατολὰς
1083 1928 1209 2013 ταύτης,
1235 1925 1399 2014 ἀρχομένη
1423 1927 1492 1993 ἀπὸ

216 2060 272 2118 τοῦ
296 2046 393 2116 αὐτοῦ
417 2047 494 2114 όλοο
517 2050 662 2116 κανάλοο
685 2048 741 2114 καὶ
765 2048 1008 2136 ἀπτοθονομόνη
1032 2052 1111 2136 πρός
1136 2048 1295 2124 ἀνατολὰς
1319 2057 1417 2138 μέχρι
1431 2057 1494 2116 καὶ

216 2187 271 2262 τῆς
295 2175 467 2262 ἐγγότητος
490 2184 545 2240 τού
568 2171 676 2260 ίτέροο
700 2175 843 2238 καντίλοο
868 2183 923 2239 τοῦ
955 2171 1199 2248 ύπαντισίίοντος
1230 2175 1273 2262 τῷ
1300 2179 1378 2262 πρός
1406 2176 1492 2242 ανα-

218 2302 314 2374 τολόις
338 2295 380 2372 ός
405 2299 449 2372 τίς
472 2301 627 2386 πύργωμα
651 2296 858 2384 ἀντιγωνιαίῳ
882 2299 925 2384 τῷ
939 2302 996 2362 καί
1016 2303 1113 2384 μέσον
1130 2309 1185 2388 της
1201 2304 1348 2387 κορτίνης
1363 2300 1493 2387 όχοοσα

220 2435 323 2512 μηκας
346 2428 462 2511 πήχεις
486 2427 656 2509 τριάκοντα
680 2423 771 2488 ἐννέα
793 2421 890 2510 ἥμισο
914 2428 1063 2509 τέταρτον
1088 2423 1163 2490 ἅντο
1179 2435 1234 2490 τοῦ
1254 2427 1412 2504 καντίλοο,
1433 2431 1497 2492 καί

217 2551 338 2622 πλάτος
355 2547 418 2614 ἀπό
434 2556 490 2612 τοῦ
506 2553 630 2634 τείχοος
654 2553 710 2612 καί
734 2553 830 2634 μέχρι
845 2556 900 2611 τοῦ
924 2549 1107 2634 κλύσματος
1132 2559 1187 2635 τῆς
1211 2551 1397 2635 θαλάσσης.
1413 2553 1494 2615 σύν·

218 2695 311 2755 τγγος
340 2682 394 2738 τοό
425 2678 551 2760 τείχοος
585 2677 642 2738 καί
671 2674 748 2757 πρὸς
780 2669 939 2746 ἀνατολὰς
969 2673 1099 2758 δίρροτα
1129 2678 1296 2760 χαμαίγτα
1323 2675 1380 2739 δύο
1409 2680 1496 2761 μετὰ

217 2803 273 2862 καί
308 2799 494 2883 καταχύτοο
528 2806 583 2882 τῆς
617 2797 813 2883 προσβολῆς,
849 2799 1055 2883 κατεχόμενα
1078 2801 1166 2883 παρὰ
1188 2807 1244 2864 τού
1273 2799 1496 2886 βασταγαρίοο

132 2913 139 2928 ’
217 2921 445 3010 Θτορολιίκτοο
469 2918 512 2994 ὡς
543 2922 718 2985 κτισθέντα
747 2917 818 3006 παρ’
843 2915 950 2986 αὐτοῦ.
982 2924 1059 3006 πρός
1083 2921 1172 2986 δόσιν
1194 2931 1250 3008 τῆς
1277 2920 1405 2988 εἰσόδοο
1435 2933 1497 3010 τῆς

220 3042 317 3134 αότης
354 3046 479 3117 σκοίλας
514 3048 572 3108 καί
609 3055 739 3108 κατῖσον
776 3052 831 3129 της
866 3044 1025 3129 δημοσίας
1062 3041 1138 3110 ὁδοῦ
1169 3045 1333 3132 οἰκήματα
1365 3045 1496 3127 ἀντόγεστ

218 3175 289 3256 τρία
311 3171 365 3235 διὰ
389 3169 608 3254 τρικλιναρίων
633 3171 859 3252 ζογιοματικῶν
883 3171 964 3253 μετὰ
987 3173 1044 3233 καί
1071 3164 1208 3255 ἡλιακοῦ
1245 3171 1322 3256 πρός
1358 3173 1493 3236 θάλασ-

220 3315 279 3362 σαν
306 3297 360 3360 διὰ
383 3295 568 3379 καταχύτοο
593 3293 734 3378 μεγάλου
758 3297 814 3358 καί
837 3293 989 3380 διρρύτοο.
1013 3291 1047 3358 έν
1071 3307 1110 3381 τῇ
1134 3296 1264 3381 τοιαύτη
1296 3295 1405 3378 σκέλη
1436 3293 1495 3360 τύ-

219 3421 302 3510 ρέθη
326 3424 382 3483 καί
405 3418 590 3494 ξολόσκαλα
613 3422 669 3482 καί
692 3417 725 3484 ἐν
749 3429 788 3505 τῇ
820 3419 976 3506 μασχόλη
1009 3427 1063 3482 τοῦ
1093 3421 1212 3504 πύργοο
1242 3420 1404 3499 κόγκελον
1436 3429 1495 3484 τοῖν

221 3541 392 3612 ἀποθέτοο.
416 3545 493 3628 πρός
519 3543 640 3614 τούτοις
663 3541 831 3629 παρεδόθη
858 3547 914 3607 καί
937 3538 956 3628 ἡ
981 3543 1363 3630 προαιπιριλοτιμηθείσα
1386 3537 1497 3616 αὐτοῖς

219 3666 314 3752 ίτέρα
349 3667 456 3730 σκόλα
490 3675 546 3751 τῆς
570 3667 749 3751 σεβασμίας
779 3675 877 3751 μονῆς
901 3675 956 3730 τοῦ
979 3663 1147 3753 Μανοοήλ,
1171 3664 1191 3754 ἡ
1215 3670 1294 3753 πρὸς
1321 3669 1409 3732 δόσιν
1433 3677 1495 3752 τῆς

219 3795 449 3878 προειρημένης
465 3788 522 3854 καὶ
541 3787 612 3876 παρ’
638 3786 739 3854 αὐτῶν
762 3795 977 3877 κατεχομένη,
1002 3787 1021 3877 η
1045 3795 1287 3878 περιοριζομένη
1311 3795 1386 3877 πρός
1410 3791 1496 3856 ἀνα-

220 3917 317 3989 τολὰς
340 3915 394 3980 διὰ
417 3922 473 3978 τοί
497 3913 541 3988 τίς
573 3915 764 4000 νεροδρόμον
796 3912 907 3982 ἀνέτοο
943 3910 1164 4002 ρομιδιόμαιος
1198 3919 1254 3980 καί
1280 3917 1495 4003 διατεταμένη

220 4043 296 4126 πρὸς
319 4039 408 4104 δόσιν
433 4044 528 4126 μέχρι
550 4041 606 4103 καὶ
629 4048 684 4125 τῆς
708 4037 817 4126 ἑτέρας
841 4041 966 4113 οκτὶλας
991 4049 1045 4127 τῆς
1062 4037 1160 4127 αύτης
1176 4050 1274 4128 μονης
1290 4045 1347 4106 καί
1368 4040 1495 4126 ἔχουσα

221 4167 306 4228 κατὰ
337 4163 505 4249 διάμετρον
540 4165 657 4250 πήχεις
687 4163 851 4250 δεκατρεῖς
880 4168 936 4230 καί
966 4167 1043 4250 πρός
1079 4167 1277 4253 μεσημβρίαν
1312 4168 1427 4252 ταύτης
1460 4163 1497 4241 ἐξ

222 4283 318 4352 τιότοό
341 4287 381 4374 δὴ
405 4295 460 4352 τοῦ
485 4280 641 4374 ῥηθέντος
675 4287 847 4372 διαμέτρου
882 4298 942 4352 τῶν
973 4289 1148 4374 δεκατριῶν
1175 4293 1305 4376 πήχεων
1329 4289 1496 4377 οἰκήματα

222 4415 389 4496 χαμαίγτα
412 4411 469 4474 δύο
492 4410 547 4475 διὰ
578 4411 792 4496 τρικλιναρίοο
824 4416 904 4498 μετὰ
935 4412 1154 4500 ἐργαστηρίων
1185 4419 1242 4478 καί
1265 4410 1337 4478 κατ’
1361 4410 1494 4480 εόθεῑαν

222 4536 337 4600 τούτων
372 4537 449 4620 πρός
484 4532 644 4608 ἀνατολὰς
678 4533 800 4622 οἴκημα
836 4535 975 4616 ἀνιόγεον
1006 4539 1061 4604 διὰ
1091 4539 1304 4624 τρικλιναρίοο
1335 4542 1371 4604 τό
1396 4544 1496 4626 μέχρι

222 4667 277 4722 τού
301 4652 398 4722 αύτοό
430 4657 541 4724 ἀνέτοο
573 4655 808 4747 βομιδύματος,
841 4655 878 4724 ού
907 4663 941 4724 τό
965 4665 1111 4740 κτίτιογον
1135 4661 1180 4735 εἰς
1204 4659 1410 4750 έργαστηριον
1434 4667 1495 4728 καί

222 4781 260 4848 έκ
280 4783 416 4864 πλαγίοο
439 4785 550 4848 τούτου
572 4785 649 4868 πρός
672 4782 789 4870 ἄρκτον
813 4785 1010 4868 κοοβοοκλόν
1035 4783 1186 4868 ἀνιόγεον,
1211 4782 1248 4852 σύ
1272 4790 1307 4853 τό
1328 4794 1495 4870 κατιέγτον
