3148 5268
1285 411 1327 477 65

61 601 216 688 ἔγκλημα,
241 607 420 670 πίστευσον.
447 602 530 670 ἀλλὰ
554 608 652 682 τίνος;
678 603 793 696 ἀφίημι
817 613 909 670 τοῦτο
933 603 977 698 είς
1001 606 1056 691 τῆν
1078 612 1133 690 τῆς
1162 605 1327 688 βασιλείας

61 747 111 788 σου
127 726 300 810 διάκρισιν.
328 725 439 811 ἐκείνῳ
456 732 516 813 γὰρ
539 724 558 814 ἡ
585 727 670 792 αίτία
690 731 813 802 πάντως
831 727 1045 814 ἐπικλασθείη
1062 727 1105 814 τῷ
1119 711 1256 813 φοβερὰν
1273 739 1327 815 τῆς

59 850 224 936 θαλάττης
247 851 396 934 διάβασιν
421 851 648 940 διαρημίσαντι
671 855 727 916 καί
751 847 1031 940 ἀνθρωπομόρρων
1054 851 1244 938 πλήθουσαν
1268 861 1328 916 τῶν

59 977 178 1060 θηρίων
193 979 251 1040 καί
268 973 296 1040 εί
318 973 335 1040 ό
358 979 435 1061 πρός
460 974 604 1063 ἀνάγκης
628 975 712 1062 ἔχων
735 978 898 1063 δυσμόθεν
921 977 997 1062 πρός
1017 971 1103 1063 ἡμᾶς
1121 973 1329 1063 ἀφικνεῖσθαι

59 1099 96 1183 τῴ
110 1099 322 1186 ἐπισειομίνίρ
339 1101 427 1188 ρόβιρ
445 1098 738 1186 ἀναχαιτιίόμτνος,
764 1099 1026 1186 ἀναβαλλόμενος
1048 1099 1083 1164 δὲ
1100 1101 1154 1187 τὴν
1179 1101 1328 1184 διάβασιν

57 1227 146 1296 ποίας
175 1219 233 1286 οὐκ
259 1223 350 1288 ἔσται
370 1227 559 1310 συγγνώμης
576 1223 676 1302 ἄξιος
701 1233 792 1288 τουτο
809 1235 863 1312 τῆς
881 1225 1042 1310 ἀναβολῆς
1058 1234 1112 1288 τοῠ
1131 1222 1327 1311 ἀπεσταλμέ-

59 1369 107 1408 ισο
130 1350 168 1410 τό
191 1347 300 1413 αίτιον.
325 1353 382 1412 καί
402 1349 442 1434 δῆ
459 1351 512 1412 τόν
530 1347 630 1435 άνθρα
646 1347 762 1434 ίλαρῶς
779 1345 998 1435 ότοθεχθῆναι
1014 1351 1070 1413 καί
1084 1351 1330 1436 θεραπευθῆναι

58 1473 130 1553 πρός
146 1471 281 1557 δύναμιν
297 1475 354 1536 καί
374 1474 430 1558 τῆν
455 1471 577 1559 άπότῆς
601 1469 708 1560 ἅλμης
731 1482 881 1558 ναυτικῆς
898 1473 1062 1551 γλυκείαις
1079 1471 1332 1538 ἀποκλύσασθαι

59 1606 121 1666 ταῖς
146 1599 345 1682 προσρῆσεσι
367 1600 423 1659 καί
446 1594 489 1669 ὡς
513 1600 548 1660 τό
572 1607 627 1685 τῆς
651 1595 741 1684 ἡμῶν
765 1599 967 1682 μετριότητος
992 1593 1206 1681 ὑποδυόμενον
1227 1599 1330 1682 πρόσ-
1372 1659 1374 1662 .

59 1739 140 1782 ικτον
177 1723 455 1785 κατασπάσασθαι
494 1725 550 1785 καί
585 1731 641 1807 τῆς
674 1719 746 1806 παρ’
782 1717 879 1784 αὐτοῦ
914 1719 1062 1799 εὐλογίας
1097 1717 1329 1786 ἐπαπολαυσαι.

58 1841 125 1906 ἰόοίι
165 1847 226 1928 γὰρ
249 1840 269 1930 ἡ
295 1847 462 1930 μετριότης
496 1842 586 1931 ἡμῶν
609 1845 663 1908 διὰ
688 1849 787 1930 μὲσου
815 1853 870 1908 τοῦ
896 1841 1068 1929 ἱερωτάτοο
1095 1843 1187 1908 τοῦδε
1217 1843 1331 1930 ἀνδρὸς

60 1963 267 2053 θπερειίχεταί
295 1991 353 2032 σου
381 1981 420 2056 τῆ
451 1971 599 2053 βασιλεία
629 1969 804 2055 μακρόβιον
834 1971 930 2054 ζωῆν,
959 1973 1049 2055 νίκην
1076 1973 1162 2032 κατὰ
1186 1980 1246 2033 τῶν
1271 1969 1329 2056 ἐχ-

59 2093 161 2176 θρῶν,
195 2094 381 2179 πλατυσμόν
408 2105 534 2179 χωρῶν,
570 2097 756 2178 μακρυσμόν
781 2091 817 2156 ἐκ
841 2093 1115 2208 κακοσυμβοόλων
1140 2091 1262 2178 ἀνδρῶν
1286 2091 1329 2167 ὡς

62 2212 90 2289 ἐξ
111 2215 248 2300 ίοβόλων
277 2229 367 2283 τινῶν
396 2215 509 2305 ὄφεων·
538 2221 594 2282 καί
618 2222 679 2304 γαρ
705 2217 826 2286 ἐκείνου
850 2214 951 2306 ὄφεως
976 2215 1036 2280 είσὶ
1064 2221 1246 2303 γεννήματα
1274 2225 1331 2281 τοῦ

60 2344 126 2422 πρίν
142 2342 197 2404 τόν
215 2345 400 2426 προπάτορα
421 2339 524 2406 ἐλπίδι
545 2347 695 2414 θεάοεως
712 2339 910 2428 ὑπερύψηλον
927 2343 1171 2429 θλαρρίσαντος,
1199 2341 1266 2406 εἶτα
1290 2342 1331 2426 δὴ,

60 2469 112 2526 καί
138 2468 347 2549 ταράξαντος,
371 2463 432 2538 ἕως
463 2471 518 2530 καί
550 2467 594 2540 είς
626 2471 780 2552 τάρταρον
809 2465 916 2539 ἁπλῶς
945 2467 1039 2532 εἰπεῖν
1068 2477 1128 2532 τῶν
1153 2471 1330 2556 συμφερόν-

65 2611 120 2650 των
148 2593 271 2653 πάντων
299 2593 478 2674 περάτωσιν
501 2591 742 2676 θεοκλυτοόμεν
773 2590 829 2654 καὶ
859 2601 916 2676 τῆς
947 2590 1135 2676 ἐπουρανίου
1167 2592 1335 2675 βασιλείαςΙ

64 2713 286 2798 κληρονομίαν.

133 3049 191 3118 Τὰ
227 3049 498 3136 ἐντάλματα
533 3061 609 3138 τῆς
643 3050 874 3140 ἐξαρχίας
909 3060 986 3118 τοῦ
1020 3051 1256 3138 Ἀγκύρας,

150 3209 232 3297 Μηνὶ
255 3209 422 3295 αόγοιίστιρ
455 3204 562 3298 ἡμέρα
587 3211 613 3286 ς’
636 3209 695 3276 ίνθ.
725 3211 755 3288 ε’,
788 3213 963 3284 συνοθικῶς
993 3215 1246 3298 προκαθημένου
1275 3221 1334 3276 του

66 3339 302 3414 παναγιωτάτου
336 3337 495 3400 δεσπότου
525 3333 615 3422 ἡμῶν
649 3339 706 3400 καί
741 3335 964 3421 οίκσυμενικοῐι
989 3339 1204 3422 πατριάρχου,
1233 3344 1330 3421 κυροῖ)

67 3456 88 3521 Γ
90 3468 236 3544 ερμανοῦ,
263 3459 294 3524 ἐν
324 3461 366 3545 τῷ
392 3464 477 3524 κατὰ
512 3460 567 3546 τῆν
602 3458 782 3547 άγιωτάτην
806 3461 999 3547 μητρόπολιν
1022 3459 1162 3534 Νικαίας
1197 3461 1331 3546 θολωτιρ

68 3579 164 3667 άάτιρ,
188 3585 454 3670 συνεθριαζόντων
477 3595 515 3671 τῆ
541 3586 667 3670 μεγάλη
697 3585 857 3670 άγιωσόνη
887 3582 984 3648 αὐτοῦ
1013 3583 1187 3670 ἱερωτάτων
1220 3582 1331 3671 ἆρχιε·

69 3712 139 3788 ρὲων
159 3717 213 3772 τοῦ
237 3707 407 3794 Ἀγκύρας,
433 3717 492 3772 τῶν
515 3707 668 3772 Γαλατῶν
690 3707 860 3794 ἐπαρχίας,
890 3705 1124 3796 Χριστορόρου,
1156 3718 1210 3773 τοῦ
1232 3707 1331 3774 Νικο-

70 3830 176 3916 μηόίας
205 3836 263 3896 καί
292 3829 429 3918 ἐξάρχου
455 3835 561 3919 πάσης
588 3831 744 3904 Βιθυνίας
772 3831 930 3908 Ἰωάννου,
955 3843 1010 3897 του
1034 3831 1245 3918 Ἀμάστριδος
1268 3830 1329 3897 Νι·

70 3956 196 4034 κολάου,
230 3965 285 4021 τοῦ
317 3955 439 4042 Σερρῶν
474 3956 660 4032 Βασιλείοο,
699 3965 754 4024 τοῦ
797 3955 962 4021 Λοπαδίου
999 3962 1055 4024 καί
1089 3955 1330 4027 Μελιτοπόλεως

70 4076 259 4166 Ἀγαπητοό,
294 4079 433 4153 Λέοντος
463 4089 517 4144 τοῦ
547 4079 710 4166 Προόσης,
745 4090 800 4145 τοῦ
828 4079 1111 4167 Ποντοηρακλείας
1133 4077 1328 4166 Νικηρόρσυ,

71 4211 117 4265 τοῦ
140 4203 430 4292 Πομπηίουπόλεως
453 4203 605 4281 Λέοντος,
631 4214 686 4268 τοῦ
711 4203 961 4292 Προικόννησίοο
983 4203 1168 4281 Βασιλείου,
1194 4212 1249 4268 τοό
1272 4203 1328 4270 Δι-

71 4327 252 4418 θυμοτοίχου
287 4329 310 4395 Γ
313 4335 460 4415 εωργίου,
494 4333 733 4416 παρισταμένων
768 4333 824 4393 καί
850 4331 1106 4416 θεοφιλεστάτων
1136 4328 1331 4392 δεσποτικῶν

74 4449 223 4540 ἀρχόντων
246 4453 312 4521 κτὲ.
417 4461 422 4472 ’

150 4587 281 4660 Sequitur
291 4587 421 4659 somata
446 4575 642 4664 ἰντάλματοςῖ
667 4575 832 4665 ἔξαρχίας,
856 4587 937 4639 cutus
950 4583 1043 4655 ρίκκα
1062 4585 1190 4657 empta
1210 4569 1332 4640 ιἰιοσαίαι
1427 4633 1437 4646 .,

74 4708 100 4762 ιἰι
114 4713 177 4766 ατίίι
189 4711 412 4784 patriarchatus
427 4709 747 4780 θακτίαπίίκιοροίίίατιί.

152 4836 250 4896 Booti.
265 4855 367 4908 ρνατοο
385 4836 465 4894 theol.
483 4835 605 4891 όίόίίοίό.
619 4835 716 4904 palat.
741 4833 964 4890 V'tttdobotttnet‘t
981 4818 1051 4892 276.

1116 4935 1131 4998 ⁵
