3132 5268
227 373 292 464 ι’σό
426 434 428 451 .

222 587 368 663 πολίταις
399 589 571 672 βενετίκοις
607 585 841 674 ἐπενεχθέντων
876 589 932 652 καί
966 589 1141 666 γεγονότων
1169 585 1202 649 έν
1231 581 1275 670 τῷ
1307 581 1409 669 καιρῷ
1439 589 1497 646 τού

222 726 278 803 ιής
314 719 475 801 μακαρίας
510 717 566 778 καὶ
601 712 779 806 όσιωτοίτης
814 717 940 800 μνήμης
976 721 1031 777 τοῦ
1069 719 1167 798 κυρού
1200 711 1422 796 Ἀνδρονίκου,
1465 707 1499 772 ἐν

224 838 351 926 Χριστῷ
380 839 421 924 τῷ
452 837 519 924 θεῷ
544 848 656 904 πιστοῦ
686 837 841 921 βασιλέως
875 842 932 902 καί
967 833 1204 923 αὐτοκράτορος
1239 815 1404 921 Ῥωμαίων
1441 839 1498 898 τού

224 963 464 1042 Παλαιολόγου,
501 969 555 1026 τού
591 959 814 1049 ἀδελφού’·τής
843 961 1008 1044 βασιλείας
1038 983 1112 1046 μου,
1147 968 1310 1031 ποιοῦντος
1338 955 1499 1044 ἡμῖνκαὶ

224 1099 262 1175 τη
285 1067 425 1174 ἡμετέρα
448 1069 597 1170 βασιλεία
621 1094 674 1149 τοῦ
700 1084 866 1172 εἰρημένου
892 1083 1149 1170 ἀποκριοιαρίδυ,
1173 1066 1322 1149 σὀνδίκοο
1344 1085 1402 1148 καὶ
1426 1061 1497 1146 επι-

225 1185 346 1297 τρόπου
373 1208 508 1296 ὀνόματι
541 1210 597 1274 καί
632 1209 745 1294 δικαίῳ
781 1214 836 1272 τού
872 1207 1037 1295 εἰρημένου
1064 1211 1168 1294 Ικυρού
1203 1207 1321 1280 δουκύς
1352 1204 1414 1270 ’καί
1441 1213 1498 1269 τού

223 1331 413 1421 κουμουνίου
445 1333 595 1407 Βενετίας
628 1333 815 1418 δεχομένοις
854 1337 910 1395 καί
938 1332 1140 1418 ’λαμβάνουσι
1172 1331 1263 1404 τέλος
1298 1327 1497 1414 ἐλευθερίαν,

225 1455 398 1544 ὑπόσχεσιν
427 1459 482 1520 καί
510 1459 706 1544 συμφωνίαν,
735 1452 817 1520 ὥστε
849 1453 893 1529 είς
922 1457 956 1520 τύ
984 1437 1056 1541 ἓξής
1080 1457 1127 1542 μή
1157 1453 1297 1520 ἀπαιτείν
1322 1453 1346 1541 ή
1369 1457 1498 1540 μνημο-

224 1579 322 1648 νεύειν
339 1585 414 1668 “περί
430 1584 490 1646 τῶν
506 1582 739 1667 προειρημένων
762 1583 839 1666 πρὸς
855 1577 941 1667 ἡμᾶς
957 1579 1017 1644 καί
1036 1575 1399 1666 τήνβασιλείανήμῶν,
1425 1579 1500 1650 τούς

226 1730 258 1771 τε
287 1706 504 1793 κληρονόμους
539 1703 595 1770 κἀἰ
629 1701 802 1790 διαδόχους
830 1699 929 1790 ἡμῶν.
958 1707 1014 1768 καί
1044 1701 1161 1789 δμοίως
1183 1680 1282 1790 ’ἡμεύς
1305 1699 1322 1768 ό
1345 1701 1500 1786 βασιλεύς

225 1836 280 1896 καί
304 1828 324 1918 ἡ
353 1802 501 1915 βασιλεία
525 1825 614 1916 ἡμῶν
641 1827 687 1893 ’δι’
716 1825 884 1916 ἡμῶνκαὶ
908 1807 1210 1916 τωνκληρονόμων
1236 1825 1499 1914 κάίδιαδόχων

226 1951 314 2041 ἡμῶν
345 1929 476 2043 σ’ύφίεμεν
503 1954 558 2017 διὰ
591 1961 647 2039 τῆς
675 1956 838 2040 παρούσης
866 1953 1057 2040 συμφωνίας
1076 1955 1133 2016 καί
1161 1953 1291 2038 τρίβος,
1321 1949 1501 2037 ύικυρούρεν

228 2081 284 2143 καὶ
312 2053 527 2162 ἃνατρέπομεν
555 2075 613 2140 καί
636 2052 843 2163 καταλύομενΙ
862 2079 974 2148 πάσας
995 2099 1029 2140 τε
1057 2077 1113 2140 καί
1141 2073 1281 2150 ἑκάστας
1309 2078 1365 2148 τὰς
1396 2073 1502 2146 ἄλλας

227 2199 354 2275 ἀδικίας
381 2203 438 2266 καί
469 2203 647 2288 βαρύτητας
682 2205 738 2265 καὶ
765 2202 887 2287 Ἐημίας
915 2204 972 2274 τὰς
997 2175 1240 2287 ἐπενεχθείσας
1272 2177 1352 2285 ήμῖν
1373 2219 1395 2263 κ
1418 2199 1437 2262 δ’
1463 2211 1502 2285 τῇ

228 2327 377 2410 βασιλείᾳ
394 2321 491 2411 Ιήμῶν
519 2323 670 2398 καὶτοῖς
688 2321 979 2411 προηγησαμένοις
995 2320 1092 2411 Ιήμύίς
1116 2323 1170 2388 διὰ
1194 2305 1502 2409 τού”ἰτ’ρδειρημένου

227 2445 323 2534 κυρού
339 2449 455 2520 δουκύς
472 2443 528 2513 καί
545 2458 599 2514 τού
616 2427 972 2534 κούμυυνίουΒενετίας
989 2448 1047 2511 τῶν
1064 2421 1299 2512 τεθιαπέτόνων
1316 2449 1376 2510 τῶν
1400 2445 1500 2512 Βενε-

229 2575 336 2648 τίκων,
362 2570 427 2635 ἐἴτε
451 2569 522 2658 παρ’
551 2571 758 2659 οἱωνδήτινων
783 2553 1140 2659 ἅλλων“’ύρφικιιιλίων’;’
1163 2550 1359 2656 προνοηέῶν,
1388 2565 1503 2654 βεκτύ-

229 2713 300 2779 ρωνι
312 2691 376 2758 καθ’
401 2695 523 2760 πάντων
559 2694 663 2760 ἄλλων
700 2691 926 2780 οίωνδήτινων·““
944 2671 1216 2779 ύποόέταημένωθ’
1235 2693 1276 2779 τῷ
1295 2693 1503 2780 ’κορῷδσοκί

228 2815 284 2881 καί
311 2817 354 2904 τῷ
380 2823 556 2905 κοομυυνίῳ
591 2795 756 2895 Βενετίας,
787 2815 851 2882 καὶΙ
869 2798 913 2904 δή
945 2815 1006 2882 ἀπό
1035 2821 1095 2880 τῶν
1118 2804 1353 2903 προειρημένων
1377 2818 1504 2880 πάντων

229 2945 286 3006 καί
308 2939 534 3008 έκοίοτωντιῑιν
558 2943 744 3028 συμβάντων
768 2945 823 3006 καί
851 2946 1025 3026 γενομένων
1049 2941 1104 3006 καὶ
1134 2939 1372 3027 ἐπενεχθέντων
1400 2939 1504 3006 ἔστω-

230 3085 297 3131 σανΙ
327 3068 475 3132 καθόλου
516 3064 747 3152 ἀπολελυμένοι
770 3063 857 3130 ’καί
882 3063 1151 3150 ἀναπεπαυμέύοι,
1190 3041 1417 3138 οἰνιιπαόονύεςΙ
1447 3069 1505 3128 καί

231 3189 421 3264 ἀπολύοντες
456 3195 512 3255 καί
542 3190 588 3264 είς
616 3191 650 3255 τύ
676 3185 838 3276 διηνεκέςΙ
856 3185 1101 3273 ἐλευθεροῦντες
1120 3189 1199 3253 ’τὸν
1218 3188 1382 3276 είρημέναν
1411 3191 1506 3273 κύριν

231 3315 334 3378 δούκα
358 3314 414 3378 καί
437 3315 471 3378 τύ
496 3315 684 3401 κουμούνιον
701 3311 873 3390 ’Βενετίἀς“,
903 3311 976 3384 τούς
998 3289 1096 3384 λαούς
1121 3308 1223 3376 αὐτῶν
1246 3315 1303 3376 καί
1326 3312 1400 3385 τούς
1423 3307 1504 3376 ύπο-

233 3441 443 3524 τεταγμένους
476 3435 596 3512 αύτοίςῖ
613 3435 675 3502 ἀπὸ
704 3435 826 3502 πασῶν
842 3447 902 3500 των
932 3414 1180 3522 προειρημένων
1197 3433 1327 3501 ἄδικιῶν
1352 3437 1412 3501 καί
1425 3439 1428 3446 ’
1443 3449 1506 3500 των

233 3557 337 3628 ἄλλων
365 3575 424 3627 των
452 3559 657 3650 ὁπωσδήποτε
685 3559 758 3649 ήμίν
786 3567 841 3626 καί
869 3571 932 3634 τοῖς
964 3559 1240 3647 προηγησαμένοις
1271 3559 1358 3648 ἡμᾶς
1385 3567 1441 3628 καί
1469 3576 1506 3650 τη

232 3679 542 3772 ήμετέρορβασιλείφ
566 3684 800 3772 ἐπενεχθέντων
827 3689 945 3771 ζημιῶν
969 3689 1031 3748 καί
1049 3683 1304 3771 προσκομμάτων
1327 3685 1425 3772 μέχρι
1449 3697 1507 3774 τῆς

233 3811 397 3896 παρούσης
421 3812 559 3896 σήμερον
586 3805 722 3896 ἡμέρας,
758 3806 800 3881 ὡς
828 3781 1011 3894 προείρηται
1036 3805 1194 3893 ἀνωτέρω,
1226 3806 1287 3873 ἇπύ
1311 3808 1367 3872 τοῦ
1391 3819 1506 3895 καιροῦ

234 3943 294 3996 των
326 3933 512 3996 τελευταίων
543 3934 662 4019 τρεβῶν
689 3943 749 3996 των
774 3935 949 4017 γενομένων
967 3929 1005 3996 ’έν
1029 3914 1067 4018 δή
1091 3929 1425 3997 Κωνσταντινουτόλέι
1449 3937 1507 3998 καί

234 4057 278 4132 είς
301 4059 336 4122 τύ
361 4055 442 4144 ἑξῆς.
467 4063 535 4142 περὶ
558 4059 593 4121 δέ
618 4067 677 4121 τῶν
701 4051 800 4143 ἔργων
825 4063 880 4143 τής
901 4053 1036 4123 Τενέδου
1062 4054 1208 4142 μηδεμία
1221 4055 1370 4135 ’ρενέσθω
1394 4061 1507 4144 μνήμη

234 4185 319 4248 κατὰ
343 4185 378 4247 τό
395 4185 504 4267 παρὸν,
530 4179 614 4246 ἀλλὰ
638 4185 827 4267 μενέτωσαν
844 4177 942 4254 ούτως
967 4180 998 4244 έν
1016 4183 1177 4268 μετεώρῳ,
1204 4183 1315 4266 μέχρις
1340 4179 1378 4246 ἂν
1396 4179 1413 4246 δ
1432 4181 1508 4268 ύρι-

236 4309 351 4391 σμένος
386 4309 501 4391 χρόνος
536 4315 591 4392 τής
626 4305 789 4390 παρούσης
818 4301 932 4390 τρέβας
960 4301 1104 4389 διαμένη·.
1134 4303 1238 4368 ἔτιδὲ
1264 4303 1307 4390 μή
1332 4303 1508 4391 νοουμένου

235 4430 288 4493 διὰ
318 4437 373 4515 τῆς
399 4421 573 4515 παρούσης·
598 4427 712 4515 τρέβας
739 4423 795 4491 καί
824 4421 1020 4514 συμφωνίας,
1056 4421 1103 4490 ότι
1128 4425 1182 4491 ἐὰν
1207 4423 1266 4492 ὦοί
1290 4444 1358 4492 τινα
1383 4431 1508 4516 συμβό-

236 4554 313 4616 λαια
346 4557 403 4617 καί
439 4559 616 4642 συμφωνίαι
651 4557 707 4617 καί
743 4525 960 4638 στοιχήματα,
997 4547 1029 4626 ἐξ
1057 4548 1099 4616 ὧν
1127 4549 1214 4639 ήέκ
1249 4547 1305 4638 τῆς
1340 4551 1510 4640 δυνάμεως

238 4673 366 4741 ἐκείνων
395 4679 475 4749 τινές
498 4671 649 4762 Ῥωμαῖοι
680 4671 926 4759 ὑποτεταγμένοι
948 4670 969 4759 ἢ
992 4675 1096 4737 πιστοὶ
1119 4671 1208 4760 ἡμῶν
1231 4679 1287 4740 καί
1312 4685 1367 4762 της
1389 4673 1511 4764 ἡμετέ-

237 4819 293 4884 ρας
318 4797 482 4882 βασιλείας
507 4793 671 4884 ένέχυνται
694 4793 900 4884 ήύφείλυυσι
921 4795 1102 4870 Βενετίκοις
1132 4802 1209 4862 τισίν
1242 4795 1511 4887 ύποτεταγμένοις
