3148 5268
484 625 562 693 XIV.
581 627 830 708 (6742-1234)
847 647 953 693 mense
969 627 1078 695 martio
1095 627 1160 694 ind.
1178 625 1243 694 VII.

375 779 591 848 Sebastocrator
608 793 728 850 Μαοαοί
740 793 865 866 Απροίιιε
880 795 1043 868 Baga-§aeis
1056 797 1208 868 ρείυίίερία
1222 797 1355 868 impertit.
1394 755 1400 766 ¹

319 943 423 1024 ’[Διά
446 944 501 1030 την
532 943 673 1032 ἀγάπην,
701 944 738 1032 ἣν
764 945 834 1032 ἔχει
857 943 876 1033 ἡ
902 947 1051 1030 βασιλεία
1076 969 1136 1033 μου
1160 945 1205 1020 είς
1229 945 1301 1018 τούς
1328 944 1504 1032 οίκητυρας

229 1075 283 1132 τού
318 1072 457 1154 κάστροο
492 1067 660 1135 Ῥαουσίου
694 1065 904 1157 (εὐγνώμονες
940 1075 1001 1156 γάρ
1032 1075 1087 1136 καί
1114 1068 1203 1136 αὐτοὶ
1233 1069 1395 1159 ἐφάνησαν
1429 1073 1504 1154 περὶ

228 1195 283 1280 τὴν
308 1195 473 1278 βασιλείαν
494 1217 568 1281 μου,
598 1200 653 1260 καὶ
676 1196 784 1270 καλῶς
808 1200 863 1262 καί
888 1190 1037 1268 εὐνοϊκῶς
1060 1199 1116 1260 καί
1139 1193 1368 1282 εὐσπλάγχνως
1395 1196 1503 1258 διετί·

228 1321 336 1406 θησαν
369 1324 439 1404 πιρί
469 1323 508 1384 τά
542 1319 655 1384 παιδία
690 1328 745 1404 τῆς
778 1319 942 1403 βασιλείας
975 1342 1050 1406 μου,
1086 1317 1183 1406 ἤγουν
1215 1322 1267 1384 τόν
1300 1316 1503 1406 ὑψηλότατον

228 1437 312 1530 ῥῆγα
337 1442 469 1528 Σερβίας
493 1448 548 1508 καί
570 1446 785 1529 περιπόθητον
810 1465 871 1530 μου
895 1443 1052 1530 γαμβρόν,
1076 1451 1136 1528 κύρ
1160 1441 1319 1531 Στίρανον
1344 1445 1396 1506 τύν
1420 1441 1505 1508 Δού-

226 1587 304 1645 καν,
329 1572 384 1632 καί
405 1569 461 1654 την
492 1566 663 1653 ἐγκάρδιον
688 1589 748 1653 μου
773 1565 904 1655 ἀνεψιάν
928 1569 983 1654 την
1008 1563 1177 1654 ῥήγαιναν,
1205 1575 1265 1652 κύρ
1294 1564 1413 1632 Ἄνναν
1445 1567 1504 1652 τὴν

227 1690 435 1771 Δούκαιναν),
468 1692 523 1756 διὰ
547 1699 622 1770 γοῦν
647 1691 701 1777 τὴν
725 1691 871 1778 τοιαύτην
897 1689 1037 1778 ἀγάπην,
1065 1689 1103 1777 ἣν
1128 1689 1199 1776 ἔχει
1222 1686 1241 1776 ἠ
1267 1690 1415 1773 βασιλεία
1441 1713 1505 1775 μου

228 1813 273 1887 είς
295 1815 368 1889 τούς
391 1813 609 1890 Ῥαουσαίους,
635 1815 844 1903 φιλοτιμεῖται
869 1811 973 1887 αὐτοῖς
998 1816 1032 1880 τύ
1056 1816 1155 1900 παρόν
1179 1817 1368 1902 πρόσταγμα
1390 1811 1504 1900 αὐτῆς,

227 1937 267 2003 δι’
292 1935 329 2004 ού
352 1944 408 2004 καὶ
430 1941 612 2026 διορίζεται,
636 1937 689 2004 ἵνα
713 1937 775 2004 άπὸ
799 1947 854 2004 τού
877 1949 931 2004 νύν
954 1943 1010 2002 καί
1034 1937 1078 2012 είς
1101 1940 1137 2002 τό
1162 1935 1232 2025 ἑξῆς
1261 1937 1378 2023 ἐχωσιν
1407 1935 1504 2000 ἐλευ-

226 2067 341 2150 θερίαν
366 2062 396 2129 οἱ
419 2073 556 2128 τοιοῦτοι
579 2062 761 2130 Ῥαουσαῖοι
786 2061 927 2128 ἀπὸτοῦ
951 2067 1066 2149 μόρους
1088 2071 1145 2148 τῆς
1170 2063 1335 2145 βασιλείας
1359 2084 1420 2147 μου
1443 2060 1506 2126 καὶ

226 2187 258 2252 ἐν
282 2200 321 2275 τη
345 2189 501 2274 θαλάσση
530 2161 595 2252 καί1
615 2187 646 2252 ἐν
676 2199 714 2274 τη
742 2189 831 2274 ξηρᾷ·
862 2183 940 2252 ὅπου
966 2191 1026 2273 γάρ
1051 2184 1088 2252 ἀν
1113 2182 1285 2271 εὑρίσκωσι
1309 2188 1440 2259 τούτους
1464 2190 1503 2250 τύ

227 2318 322 2398 μόρος
338 2321 393 2398 τῆς
418 2313 583 2396 βασιλείας
599 2333 674 2398 μου,
699 2307 735 2374 οὐ
753 2312 813 2398 μήν
830 2312 1013 2398 τολμήσωσι
1031 2308 1187 2398 βλάψαιῆ
1206 2314 1366 2397 ζημιῶσαι
1382 2307 1503 2384 αὐτούς

226 2441 322 2523 μέχρι
345 2441 400 2502 καί
424 2445 478 2502 τού
502 2439 732 2522 σμικροτάτου,
758 2434 842 2500 ἀλλὰ
859 2433 888 2500 οἱ
912 2434 1071 2522 ἀγαπητοί
1096 2446 1134 2522 τῇ
1150 2435 1299 2518 βασιλεία
1316 2457 1377 2520 μου
1393 2436 1501 2522 φυλά··

225 2562 329 2636 ξουσιν
354 2557 483 2638 αὐτούς,
519 2565 575 2626 καί
610 2562 732 2648 βλάβην
768 2557 918 2644 οὐδεμίαν
951 2559 1117 2634 ἐπάξουσιν
1153 2554 1258 2633 αὐτοῖς
1294 2556 1365 2624 οὐτε
1401 2557 1434 2624 ἐν
1460 2571 1503 2646 τη

225 2688 342 2771 χέρσιρ,
367 2683 439 2750 οὐτε
466 2683 497 2748 ἐν
522 2695 561 2772 τῇ
584 2686 750 2771 θαλάσση,
776 2682 819 2756 ὡς
843 2682 974 2770 εἴρηται,
1000 2683 1180 2768 μᾶλλονδὲ
1207 2682 1262 2748 ἐὰν
1286 2687 1341 2748 καί
1364 2683 1503 2748 θαλάσ-

227 2831 291 2874 σιοι
314 2815 503 2896 κουρσάριοι
526 2809 753 2874 καταδιύκωσι
780 2809 858 2884 ξύλα
882 2817 941 2872 τῶν
973 2805 1179 2883 Ῥαουσαίων,
1210 2812 1265 2871 καί
1288 2809 1505 2896 καταφύγωσι

226 2938 265 2998 τά
292 2944 423 3000 τοιαῦτα
451 2936 529 3011 ξύλα
554 2933 598 3007 είς
622 2938 729 3021 χώραν
753 2943 808 3020 τῆς
833 2934 998 3018 βασιλείας
1023 2955 1097 3018 μου,
1120 2929 1173 2996 ἵνα
1191 2931 1308 3018 ἐχωσιν
1336 2931 1369 3007 ἐξ
1397 2930 1504 3014 ἀνάγ-

225 3081 287 3146 κης
319 3059 347 3124 οἱ
382 3069 438 3146 τῆς
472 3061 579 3145 χώρας
615 3056 739 3145 ἐκείνης
778 3057 940 3143 ἄνθρωποι
979 3055 1277 3142 ἀντιλαμβάνεσθαι
1314 3062 1371 3122 καὶ
1408 3054 1504 3121 διεκ-

225 3184 334 3262 δινιεῖν,
359 3180 434 3248 ὅσον
458 3186 493 3248 τό
518 3183 649 3248 δυναιύν
673 3179 793 3258 αὐτοῖς,
818 3186 858 3247 τὰ
882 3183 959 3256 ξύλα
980 3191 1039 3244 τῶν
1064 3179 1269 3246 Ῥαουσαίων.
1295 3179 1326 3246 οἱ
1347 3201 1503 3267 πραγμα-

226 3312 332 3374 τευταί
360 3308 396 3371 δὲ
425 3315 479 3370 τοῦ
508 3310 651 3372 τοιούτου
679 3310 818 3392 κάστρου
852 3303 905 3372 ἵνα
927 3315 1137 3390 περιπατωσιν
1163 3303 1194 3368 ἐν
1222 3309 1311 3391 πάση
1341 3316 1379 3392 τη
1407 3309 1504 3390 χάρη

226 3441 282 3518 τῆς
321 3432 487 3514 βασιλείας
527 3451 587 3518 μου
625 3435 680 3496 καὶ
722 3432 1021 3516 πραγματεύωνται,
1064 3431 1241 3502 πωλοῦντες
1279 3433 1335 3492 καί
1374 3426 1503 3515 ἀγορά-

228 3561 335 3631 ζοντες
363 3560 402 3620 τά
431 3553 610 3642 ἀρέσκοντα
637 3551 753 3629 αὐτοῖς.
783 3552 838 3621 ἐὰν
867 3555 902 3618 δὲ
926 3555 1033 3640 συμβη
1057 3555 1168 3639 καιρὸς
1191 3552 1311 3638 λείψιον
1336 3557 1502 3639 γεννημά-

227 3698 288 3744 των
317 3677 350 3744 ἐν
378 3691 417 3766 τη
446 3681 536 3765 χύρορ
564 3687 619 3765 τῆς
654 3679 821 3761 βασιλείας
858 3699 932 3763 μου,
968 3679 1039 3740 τότε
1075 3671 1111 3740 οὐ
1147 3676 1208 3762 μὴν
1242 3687 1504 3762 παραχωρωνται

138 3891 141 3897 Ι
228 3801 397 3890 ἀγοράζειν
426 3807 607 3888 γεννήματα
635 3807 692 3867 καί
721 3800 843 3881 ἐξάγειν
872 3797 953 3866 αὐτὰ
982 3799 1019 3864 ἐκ
1043 3808 1098 3886 τῆς
1122 3803 1229 3886 χώρας
1252 3808 1308 3886 τῆς
1333 3801 1504 3884 βασιλείας

229 3949 299 4015 μου·
325 3927 451 4014 ἀνάγκη
476 3931 537 4012 γάρ
559 3929 683 4000 πάντως
707 3927 784 4003 ἐστί,
809 3935 931 4010 πρῶτον
954 3925 1127 4012 διατροφην
1149 3925 1203 3988 τόν
1220 3924 1376 4010 ἐγχώριον
1391 3925 1505 4007 λαβεῖν

227 4058 284 4118 καί
307 4056 378 4117 τότε
402 4049 580 4132 ἐξάγεσθαι
603 4054 638 4116 τύ
663 4060 718 4137 τῆς
743 4053 850 4136 χύρας
875 4059 930 4136 της
955 4049 1121 4132 βασιλείας
1145 4071 1205 4134 μου
1230 4036 1357 4128 ἀγαθόν
1378 4045 1435 4112 καὶ
1456 4047 1505 4122 είς

228 4181 284 4250 τὰς
302 4178 505 4257 γειτονούσας
526 4179 644 4262 χύρας.
669 4169 689 4260 ἡ
715 4173 862 4257 βασιλεία
886 4195 946 4260 μου
970 4173 1005 4238 δὲ
1029 4177 1210 4260 περικόπτει
1233 4176 1288 4236 καί
1312 4174 1506 4246 καθολικῶς

229 4298 405 4387 ἐμποδίζει,
432 4297 486 4364 ἵνα
514 4301 556 4386 μή
586 4297 837 4386 ἐνεχυράζωνται
867 4295 1050 4364 Ῥαουσαῖοι
1082 4295 1114 4360 ἐν
1138 4306 1176 4384 τη
1201 4295 1385 4382 ἐπικρατείᾳ
1410 4300 1505 4383 πάση

229 4433 286 4512 τῆς
311 4425 474 4508 βασιλείας
500 4446 560 4511 μου
583 4425 637 4488 διά
660 4426 815 4512 πρόφασιν
846 4420 1029 4514 οἱανδητινα
1060 4418 1206 4501 εύλογον,
1238 4419 1299 4485 εἴτε
1322 4424 1379 4486 καί
1403 4419 1505 4486 ἀνεύ-

230 4549 336 4628 λογον·
368 4547 396 4613 εί
423 4553 483 4636 γάρ
507 4573 553 4623 τις
578 4547 648 4635 ἐχει
670 4546 774 4627 λέγειν
797 4549 882 4612 κατὰ
909 4543 1132 4622 Ῥαουσαίους,
1169 4543 1288 4633 ὐφείλει
1313 4542 1506 4632 ἀνατρέχειν

230 4675 307 4759 πρός
330 4675 384 4761 την
410 4673 574 4758 βασιλείαν
599 4695 659 4759 μου
683 4675 739 4736 καί
763 4669 930 4758 ἀναφόρειν
954 4666 1043 4747 αὐτὸ,
1066 4664 1085 4754 ἡ
1109 4669 1145 4732 δὲ
1170 4669 1318 4753 βασιλεία
1350 4691 1412 4756 μου
1436 4693 1506 4757 μη-

231 4800 316 4866 νύσει
350 4804 420 4886 περί
452 4799 564 4864 τούτου
592 4805 656 4872 τοῖς
692 4793 869 4882 ἀγαπητοῖς
902 4789 1007 4866 αὐτοῖς
1035 4791 1250 4870 Ῥαουσαίοις,
1287 4791 1432 4860 κάκεῖνοι
1461 4799 1505 4861 τά
