3132 5268
271 369 337 432 22⁰

272 564 415 646 τέσσαρα
434 556 532 646 ἥμισυ
553 558 575 648 ἢ
599 559 745 643 ἔγγιστα,
770 566 827 626 καί
851 556 931 627 οότω
955 568 1040 628 κατά
1063 563 1234 650 διαδοχὴν,
1257 567 1370 649 μέχρις
1396 558 1435 625 ἀν
1458 562 1534 647 τλη-

272 685 365 772 ρωόη
388 679 409 771 ἡ
433 681 612 772 ἀπόρλησις
636 696 696 750 τῶν
719 684 891 774 εἰρημένων
914 687 1076 752 δεκαεπτά
1099 687 1255 774 χιλιάδων
1282 687 1465 772 όπερτόρων
1485 691 1534 752 καί

272 808 389 876 δυνατόν
405 807 559 896 όζηκονεα
582 819 683 896 τριῶν,
706 814 763 874 καί
785 809 1061 898 ἱκανοποιησωμεν
1085 809 1243 898 ἀκεραίως
1266 809 1299 876 δν
1322 822 1390 886 ταις
1414 809 1534 897 είρημέ-

271 953 341 1006 ναις
366 932 508 1018 διωρίαις
530 941 591 998 τῶν
614 938 847 1021 προειρημένων
868 938 960 999 πέντε
984 930 1071 1012 έεόν,
1096 938 1317 1009 συντάττοντες
1340 933 1373 1011 λζ
1396 933 1535 1002 όνιαυτοῶ

271 1055 317 1130 είς
340 1054 481 1122 ἐνιαυτόν
497 1061 583 1122 κατὰ
605 1056 777 1144 διαδοχὴν,
801 1057 950 1144 δηλονότι
973 1055 1036 1124 ἀπό
1059 1065 1114 1124 τυό
1140 1055 1335 1144 [ἀπριλλίοο]
1359 1061 1473 1145 μηνός,
1496 1056 1536 1130 ἀς

271 1184 471 1266 προείρηται,
496 1179 518 1244 ἀ
539 1179 581 1266 δη
602 1183 705 1246 πάντα
726 1177 887 1268 ὑπέρπορα
910 1183 1054 1267 δώσομεν
1077 1186 1134 1246 καί
1155 1179 1388 1270 ἀπυρλησομεν
1415 1181 1449 1246 έν
1477 1194 1535 1253 εοίς

271 1301 450 1390 εἰρημένοις
483 1314 607 1389 καιροῖς
633 1307 690 1368 καί
718 1305 861 1390 διωρίαις
889 1307 995 1391 πάσιμ
1027 1307 1215 1392 προφάσεως
1246 1302 1477 1392 ἀναιρουμένης
1506 1303 1535 1368 όν

271 1423 365 1513 χερσὶ
393 1434 448 1491 τοῦ
477 1428 653 1513 μεαίοόλου
686 1437 748 1492 τῶν
769 1425 945 1493 Βενετίκων
979 1438 1035 1494 τοῶ
1063 1432 1149 1494 κατὰ
1175 1431 1288 1514 καιρόν
1314 1424 1535 1514 εὑρισκομένου

271 1547 306 1616 έν
336 1549 682 1630 Κωνσταντινοοπόλει,
716 1549 846 1642 ἢῷτινι
868 1549 889 1638 ἢ
913 1549 1042 1621 οἷστισιν
1066 1549 1083 1616 ό
1106 1561 1165 1638 κῶρ
1199 1552 1274 1627 δοόζ
1307 1555 1363 1616 καί
1389 1554 1426 1616 τό
1461 1573 1534 1616 κου-

272 1676 399 1762 μοόνιυν
432 1673 582 1750 Βενεείας
616 1674 807 1755 ἀπυτάζωσι,
843 1681 1030 1762 σωζομένων
1058 1676 1168 1740 διόλου
1200 1679 1259 1740 καί
1297 1676 1536 1763 φυλαττομένων

270 1808 379 1865 πασῶν
406 1803 463 1864 καί
490 1797 635 1864 ἑκάστων
659 1804 779 1886 ζημιῶν
803 1809 862 1864 τῶν
885 1798 1061 1866 Βενετίκων
1087 1811 1149 1865 τῶν
1173 1799 1218 1886 μη
1244 1802 1461 1885 τεταγμένων,
1489 1797 1535 1870 αίς

270 1921 326 1987 διά
348 1931 404 2010 τῆς
426 1925 590 2010 παρούσης
616 1925 730 2010 τρίβας
762 1925 804 2010 μὴ
829 1922 911 1989 ἔστω
935 1921 1121 2003 έλάττωσις,
1157 1927 1213 1988 καί
1236 1925 1271 1988 τό
1296 1921 1455 1988 ἀνάπαλιν
1482 1926 1535 1986 καί

271 2049 458 2132 σωζομένων
492 2047 601 2112 διόλου
628 2052 684 2117 καί
712 2047 952 2135 φυλαττομένων
987 2045 1146 2133 ἀκεραίως
1179 2051 1236 2112 καί
1262 2044 1305 2132 τῷ
1330 2045 1417 2133 κοριρ
1448 2048 1537 2111 δοοκί

269 2174 326 2236 καί
348 2169 392 2258 τῷ
413 2177 593 2257 αουμουνίιρ
618 2170 770 2245 Βενετίας
795 2175 920 2237 πάντων
946 2181 1006 2236 τῶν
1033 2172 1165 2236 δικαίων
1192 2168 1249 2236 καὶ
1277 2168 1425 2251 ἀγωγῶν,
1454 2171 1536 2254 άδη

269 2298 327 2359 καί
356 2291 418 2360 ἀό
445 2301 505 2381 κόρ
539 2295 614 2371 δοόζ
647 2293 705 2359 καὶ
738 2295 773 2360 τό
808 2297 998 2382 αοομοόνιον
1030 2294 1179 2368 Βενετίας
1213 2293 1327 2380 έχουσι
1359 2297 1417 2358 καί
1452 2293 1536 2379 ἔχειν

270 2417 460 2504 δυνήσονται
493 2415 573 2482 καθ’
599 2413 689 2505 ἡμῶν
717 2421 774 2484 καί
801 2425 859 2504 τῆς
880 2418 1044 2502 βασιλείας
1077 2413 1165 2505 ἡμῶν
1194 2417 1227 2482 δν
1262 2437 1320 2482 τινι
1352 2418 1536 2502 συμβολαίη

270 2540 434 2608 δουκάτων
462 2551 587 2628 χρυσῶν
615 2545 787 2627 τριάκοντα
813 2541 967 2629 χιλιάδων
994 2545 1064 2626 περί
1092 2563 1125 2606 τε
1152 2543 1331 2628 κεφαλαίου
1357 2543 1415 2604 καί
1442 2543 1534 2604 τόκου

269 2665 327 2728 ααί
351 2667 470 2750 ζημιῶν
493 2668 549 2730 καί
576 2662 686 2740 ἀξόόοο
713 2669 771 2731 καί
796 2677 857 2732 τῶν
891 2665 947 2732 διὰ
981 2669 1079 2752 μέσου
1113 2669 1172 2730 καί
1195 2667 1320 2730 πάντων
1347 2674 1409 2730 τῶν
1433 2662 1535 2728 ἄλλων

271 2795 332 2852 τῶν
365 2789 488 2862 τούτοις
516 2786 767 2876 ἀτηωρημένων,
802 2787 847 2864 ὡς
874 2789 910 2854 έν
928 2787 979 2874 ’τῷ
1007 2784 1093 2874 άόυιβ
1125 2789 1310 2874 αομβολαίιρ
1336 2795 1392 2852 τοῦ
1423 2793 1535 2874 χρέους

269 2913 465 2997 περιέχεται,
494 2911 577 2999 ὃδὴ
607 2914 802 2999 συμβόλαιον
829 2915 885 2977 ααί
912 2909 1009 2998 χρέος
1033 2911 1075 2998 μη
1100 2913 1251 2988 νοείσθω,
1287 2911 1370 2997 μηδέ
1392 2913 1537 2976 νοεῖσθαι

268 3037 395 3101 δόναιτο
423 3019 490 3102 διά
511 3038 566 3124 την
600 3047 765 3125 παροῦσαν
792 3035 949 3124 τρίβανῆ
974 3041 1158 3125 συμφωνίαν
1186 3033 1331 3102 ὁπωσοῦν
1356 3033 1535 3124 ἀφειμένον,

269 3158 387 3246 ἄκορον
413 3157 434 3248 ἦ
463 3158 753 3247 ἀνατετραμμένον,
783 3162 905 3246 μάλλον
934 3163 991 3246 μέν
1018 3155 1073 3225 οὖν
1096 3156 1130 3226 έν
1154 3171 1194 3247 τῇ
1217 3153 1315 3224 αόευῶ
1338 3162 1534 3225 καταστάσει

268 3287 325 3348 καί
352 3284 534 3371 βεβαιότητι
556 3287 612 3348 καί
635 3284 678 3371 τῷ
704 3287 834 3369 δικαίῳ,
864 3281 897 3348 ἰν
926 3281 973 3356 οἶς
1000 3281 1039 3370 ην
1060 3281 1119 3350 καὶ
1140 3284 1203 3368 πρό
1226 3291 1281 3348 τοῦ
1304 3285 1460 3364 γενέσθαι
1482 3283 1533 3369 την

267 3415 433 3492 παροῦσαν
467 3407 595 3492 τρίβων,
631 3407 760 3492 βέβαιον
793 3411 850 3472 καί
876 3404 1031 3492 ἀκέραιον
1062 3407 1237 3492 διαμενότω
1271 3411 1329 3471 καί
1363 3405 1456 3472 ἔσται
1483 3408 1536 3471 καί

268 3529 348 3594 εἶναι
371 3526 526 3610 νοείσθω,
561 3533 680 3620 γραφέν
707 3533 743 3594 τό
767 3527 932 3618 εἰρημένον
957 3530 1152 3616 συμβόλαιον
1180 3529 1244 3595 ἔτει
1271 3529 1424 3617 χιλιοστῷ
1444 3553 1533 3615 τρια-

267 3651 427 3740 κοσιοστιβ
449 3652 696 3740 τεσσαρακοστῷ
725 3659 832 3740 τρίτη,
862 3649 968 3742 ἡμέρα
997 3653 1132 3740 εἰκοστη
1148 3657 1255 3740 πρώτη
1279 3663 1334 3720 τοί
1360 3649 1533 3734 αόηοόσεσυ

268 3784 325 3862 τῆς
348 3775 389 3840 ια’
421 3775 616 3852 ίνδικτιῶνος
649 3780 735 3864 χειρί
761 3775 886 3861 Πέτρου
919 3781 971 3842 νεί
996 3775 1126 3862 Ἀμένα,
1160 3779 1372 3863 πρεσβυτέρου
1399 3785 1458 3864 της
1484 3775 1531 3841 έκ·

267 3899 405 3986 κλησίας
431 3903 488 3965 καί
510 3909 565 3965 τυό
598 3897 692 3980 ἀηίοο
721 3897 974 3986 Βαρδολομαίυο
1005 3901 1038 3965 έν
1069 3911 1108 3987 τη
1138 3899 1272 3985 Βενετίη
1305 3904 1362 3964 καί
1389 3898 1532 3984 νοταρίου

265 4022 417 4098 Βενετίας
444 4028 501 4088 καί
530 4023 759 4109 καντζελαρίου
789 4034 843 4089 τοῦ
867 4031 965 4110 κυροό
996 4025 1172 4109 μπαίσόλοο
1195 4033 1258 4088 τῶν
1280 4021 1312 4089 έν
1335 4021 1533 4090 Κωνστανει·

266 4149 414 4216 νοοιεόλει
435 4147 626 4225 Βενετίκων,
662 4143 737 4232 ότέρ
765 4145 807 4212 ιδν
834 4157 960 4233 χρυσῶν
988 4147 1153 4212 δουκόεων
1187 4150 1359 4233 τριάκοντα
1381 4148 1533 4234 χιλιάδων

265 4269 324 4337 καὶ
354 4269 468 4356 ἀείρων
495 4279 555 4336 τῶν
582 4275 815 4356 προειρημένων
847 4267 879 4335 έν
906 4269 950 4355 τῷ
973 4265 1105 4356 βηόένεε
1139 4271 1324 4356 συμβολαίιρ
1353 4271 1534 4358 διαλαμβα-

265 4399 405 4483 νομένων
434 4395 451 4460 ό
479 4405 538 4483 κόρ
572 4395 649 4470 δοόζ
677 4399 733 4459 καί
767 4396 803 4460 τό
826 4396 1015 4481 κουμοάνιον
1045 4394 1197 4469 Βανετίας
1225 4395 1358 4482 ἔχουσιν
1389 4395 1435 4471 εὶς
1469 4395 1532 4462 ένέ·

265 4543 350 4608 χυρα
375 4521 497 4605 κόσμια
519 4529 575 4607 της
599 4517 766 4603 βασιλείας
788 4522 828 4584 τά
852 4517 1104 4607 ἐμπεριεχόμενα
1136 4517 1168 4583 έν
1192 4521 1234 4606 τῷ
1257 4515 1390 4607 ῥηθέντι
1413 4525 1533 4608 συμβο-

265 4645 357 4728 λαίμ.
386 4645 443 4708 καί
474 4647 661 4729 σωζομένων
697 4641 828 4708 ἀείκαὶ
854 4648 1053 4729 τηρουμένων
1087 4645 1130 4729 τῷ
1159 4646 1244 4731 κυρηῑ
1279 4646 1371 4710 δουκί
1405 4649 1463 4711 καί
1497 4643 1534 4729 τῷ

266 4769 446 4850 κοομοονίιρ
479 4763 630 4839 Βενετίας
665 4763 825 4851 ἀκεραίως
858 4767 981 4832 πάντων
1005 4777 1065 4832 τῶν
1088 4766 1220 4834 δικαίων
1246 4772 1308 4838 καίΙ
1334 4767 1485 4850 ἀγωγῶν,
1516 4767 1533 4828 ά
