<?xml version="1.0" encoding="UTF-8"?>
<!DOCTYPE html PUBLIC "-//W3C//DTD XHTML 1.0 Transitional//EN"
    "http://www.w3.org/TR/xhtml1/DTD/xhtml1-transitional.dtd">
<html xmlns="http://www.w3.org/1999/xhtml" xml:lang="en" lang="en">
 <head>
  <title>
</title>
<meta http-equiv="Content-Type" content="text/html;charset=utf-8" />
  <meta name='ocr-system' content='tesseract 3.04.00' />
  <meta name='ocr-capabilities' content='ocr_page ocr_carea ocr_par ocr_line ocrx_word'/>
</head>
<body>
  <div class='ocr_page' id='page_1' title='image "./actaetdiplomata03miklgoog_0181.png"; bbox 0 0 3132 5268; ppageno 0'>
   <div class='ocr_carea' id='block_1_1' title="bbox 240 381 307 449">
    <p class='ocr_par' dir='ltr' id='par_1_1' title="bbox 240 381 307 449">
     <span class='ocr_line' id='line_1_1' title="bbox 240 381 307 449; baseline 0.045 -3"><span class='ocrx_word' id='word_1_1' title='bbox 240 381 307 449; x_wconf 69' lang='lat'><strong>1541</strong></span> 
     </span>
    </p>
   </div>
   <div class='ocr_carea' id='block_1_2' title="bbox 231 573 1519 3777">
    <p class='ocr_par' dir='ltr' id='par_1_2' title="bbox 231 573 1519 3777">
     <span class='ocr_line' id='line_1_2' title="bbox 239 573 1519 668; baseline 0.002 -27"><span class='ocrx_word' id='word_1_2' title='bbox 239 581 389 665; x_wconf 81' lang='grc' dir='ltr'><strong>φρύνιμσν</strong></span> <span class='ocrx_word' id='word_1_3' title='bbox 412 573 514 664; x_wconf 77' lang='grc' dir='ltr'><strong>ἄνδρα</strong></span> <span class='ocrx_word' id='word_1_4' title='bbox 536 587 623 666; x_wconf 87' lang='grc' dir='ltr'><strong>κῦριν</strong></span> <span class='ocrx_word' id='word_1_5' title='bbox 647 578 860 666; x_wconf 75' lang='grc' dir='ltr'><strong>Μπτρτούζιον</strong></span> <span class='ocrx_word' id='word_1_6' title='bbox 884 579 994 661; x_wconf 77' lang='grc' dir='ltr'><strong>Διῦδιι,</strong></span> <span class='ocrx_word' id='word_1_7' title='bbox 1019 579 1145 667; x_wconf 75' lang='grc' dir='ltr'><strong>ἔντιμον</strong></span> <span class='ocrx_word' id='word_1_8' title='bbox 1168 583 1224 644; x_wconf 82' lang='grc' dir='ltr'><strong>καί</strong></span> <span class='ocrx_word' id='word_1_9' title='bbox 1247 589 1405 668; x_wconf 76' lang='grc' dir='ltr'><strong>περιφανῆ</strong></span> <span class='ocrx_word' id='word_1_10' title='bbox 1428 577 1519 644; x_wconf 74' lang='grc' dir='ltr'><strong>ἀπο-</strong></span> 
     </span>
     <span class='ocr_line' id='line_1_3' title="bbox 239 699 1518 792; baseline 0.002 -27"><span class='ocrx_word' id='word_1_11' title='bbox 239 704 419 790; x_wconf 86' lang='grc' dir='ltr'><strong>κρισιάριον</strong></span> <span class='ocrx_word' id='word_1_12' title='bbox 441 699 554 780; x_wconf 84' lang='grc' dir='ltr'><strong>αἰτοῦ,</strong></span> <span class='ocrx_word' id='word_1_13' title='bbox 583 702 627 776; x_wconf 87' lang='grc' dir='ltr'><strong>εἰς</strong></span> <span class='ocrx_word' id='word_1_14' title='bbox 643 707 696 769; x_wconf 78' lang='grc' dir='ltr'><strong>τά</strong></span> <span class='ocrx_word' id='word_1_15' title='bbox 718 705 805 792; x_wconf 84' lang='grc' dir='ltr'><strong>μέρη</strong></span> <span class='ocrx_word' id='word_1_16' title='bbox 833 713 889 791; x_wconf 75' lang='grc' dir='ltr'><strong>τῆς</strong></span> <span class='ocrx_word' id='word_1_17' title='bbox 916 703 1101 791; x_wconf 84' lang='grc' dir='ltr'><strong>Ρωμανίας,</strong></span> <span class='ocrx_word' id='word_1_18' title='bbox 1127 705 1273 772; x_wconf 83' lang='grc' dir='ltr'><strong>σονδικῦν</strong></span> <span class='ocrx_word' id='word_1_19' title='bbox 1300 725 1334 768; x_wconf 87' lang='grc' dir='ltr'><strong>τε</strong></span> <span class='ocrx_word' id='word_1_20' title='bbox 1361 707 1418 770; x_wconf 89' lang='grc' dir='ltr'><strong>καί</strong></span> <span class='ocrx_word' id='word_1_21' title='bbox 1440 702 1518 768; x_wconf 82' lang='grc' dir='ltr'><strong>ἐπί-</strong></span> 
     </span>
     <span class='ocr_line' id='line_1_4' title="bbox 240 822 1519 917; baseline 0.001 -26"><span class='ocrx_word' id='word_1_22' title='bbox 240 843 354 912; x_wconf 88' lang='grc' dir='ltr'><strong>τροπον</strong></span> <span class='ocrx_word' id='word_1_23' title='bbox 379 822 475 896; x_wconf 79' lang='grc' dir='ltr'><strong>αὐτοῦ</strong></span> <span class='ocrx_word' id='word_1_24' title='bbox 500 835 554 890; x_wconf 86' lang='grc' dir='ltr'><strong>τοῦ</strong></span> <span class='ocrx_word' id='word_1_25' title='bbox 579 825 750 917; x_wconf 76' lang='grc' dir='ltr'>ἐπιφανοῦς</span> <span class='ocrx_word' id='word_1_26' title='bbox 777 828 834 894; x_wconf 88' lang='grc' dir='ltr'><strong>καὶ</strong></span> <span class='ocrx_word' id='word_1_27' title='bbox 863 829 1122 915; x_wconf 69' lang='grc' dir='ltr'><strong>μεγαλοπρεποῦς</strong></span> <span class='ocrx_word' id='word_1_28' title='bbox 1150 837 1209 915; x_wconf 95' lang='grc' dir='ltr'><strong>κῦρ</strong></span> <span class='ocrx_word' id='word_1_29' title='bbox 1237 829 1355 902; x_wconf 83' lang='grc' dir='ltr'><strong>δοοκός</strong></span> <span class='ocrx_word' id='word_1_30' title='bbox 1377 831 1433 893; x_wconf 83' lang='grc' dir='ltr'><strong>καί</strong></span> <span class='ocrx_word' id='word_1_31' title='bbox 1458 837 1519 892; x_wconf 87' lang='grc' dir='ltr'><strong>τοῦ</strong></span> 
     </span>
     <span class='ocr_line' id='line_1_5' title="bbox 239 945 1518 1040; baseline 0.001 -26"><span class='ocrx_word' id='word_1_32' title='bbox 239 955 429 1036; x_wconf 87' lang='grc' dir='ltr'><strong>κοομοονίοο</strong></span> <span class='ocrx_word' id='word_1_33' title='bbox 452 949 616 1030; x_wconf 85' lang='grc' dir='ltr'><strong>Βενετίας,</strong></span> <span class='ocrx_word' id='word_1_34' title='bbox 642 951 762 1038; x_wconf 73' lang='grc' dir='ltr'><strong>ἔχοντα</strong></span> <span class='ocrx_word' id='word_1_35' title='bbox 786 949 895 1040; x_wconf 79' lang='grc' dir='ltr'><strong>ἐντελῆ</strong></span> <span class='ocrx_word' id='word_1_36' title='bbox 912 950 1057 1029; x_wconf 76' lang='grc' dir='ltr'><strong>ἐξουσίαν</strong></span> <span class='ocrx_word' id='word_1_37' title='bbox 1080 957 1136 1018; x_wconf 82' lang='grc' dir='ltr'><strong>καὶ</strong></span> <span class='ocrx_word' id='word_1_38' title='bbox 1160 951 1285 1020; x_wconf 72' lang='grc' dir='ltr'><strong>ἄδειαν</strong></span> <span class='ocrx_word' id='word_1_39' title='bbox 1299 945 1356 1017; x_wconf 83' lang='grc' dir='ltr'><strong>κάί</strong></span> <span class='ocrx_word' id='word_1_40' title='bbox 1378 950 1518 1038; x_wconf 87' lang='grc' dir='ltr'><strong>ύρισμῦν</strong></span> 
     </span>
     <span class='ocr_line' id='line_1_6' title="bbox 240 1071 1516 1164; baseline 0.002 -27"><span class='ocrx_word' id='word_1_41' title='bbox 240 1071 429 1158; x_wconf 80' lang='grc' dir='ltr'><strong>τρακταίσαι</strong></span> <span class='ocrx_word' id='word_1_42' title='bbox 451 1079 508 1142; x_wconf 84' lang='grc' dir='ltr'><strong>καὶ</strong></span> <span class='ocrx_word' id='word_1_43' title='bbox 529 1080 734 1162; x_wconf 73' lang='grc' dir='ltr'><strong>ποιῆσαικαὶ</strong></span> <span class='ocrx_word' id='word_1_44' title='bbox 755 1077 930 1160; x_wconf 78' lang='grc' dir='ltr'><strong>βεβαιῶσαι</strong></span> <span class='ocrx_word' id='word_1_45' title='bbox 950 1079 1006 1142; x_wconf 87' lang='grc' dir='ltr'><strong>καί</strong></span> <span class='ocrx_word' id='word_1_46' title='bbox 1027 1077 1194 1164; x_wconf 77' lang='grc' dir='ltr'><strong>πληρῶσαι</strong></span> <span class='ocrx_word' id='word_1_47' title='bbox 1213 1075 1330 1163; x_wconf 82' lang='grc' dir='ltr'><strong>’τρίβος</strong></span> <span class='ocrx_word' id='word_1_48' title='bbox 1352 1079 1410 1140; x_wconf 85' lang='grc' dir='ltr'><strong>καί</strong></span> <span class='ocrx_word' id='word_1_49' title='bbox 1432 1095 1516 1141; x_wconf 89' lang='grc' dir='ltr'><strong>σον-</strong></span> 
     </span>
     <span class='ocr_line' id='line_1_7' title="bbox 238 1191 1515 1287; baseline 0.001 -25"><span class='ocrx_word' id='word_1_50' title='bbox 238 1197 347 1283; x_wconf 74' lang='grc' dir='ltr'><strong>δηκας</strong></span> <span class='ocrx_word' id='word_1_51' title='bbox 362 1201 419 1270; x_wconf 86' lang='grc' dir='ltr'><strong>τὰς</strong></span> <span class='ocrx_word' id='word_1_52' title='bbox 434 1191 605 1284; x_wconf 74' lang='grc' dir='ltr'><strong>κατατέμοι</strong></span> <span class='ocrx_word' id='word_1_53' title='bbox 620 1203 867 1286; x_wconf 67' lang='grc' dir='ltr'><strong>γραφησομένοις</strong></span> <span class='ocrx_word' id='word_1_54' title='bbox 884 1199 1000 1286; x_wconf 72' lang='grc' dir='ltr'><strong>μεταξύ</strong></span> <span class='ocrx_word' id='word_1_55' title='bbox 1022 1196 1111 1287; x_wconf 74' lang='grc' dir='ltr'><strong>ἡμῶν</strong></span> <span class='ocrx_word' id='word_1_56' title='bbox 1135 1218 1169 1268; x_wconf 88' lang='grc' dir='ltr'><strong>τε</strong></span> <span class='ocrx_word' id='word_1_57' title='bbox 1191 1203 1248 1265; x_wconf 86' lang='grc' dir='ltr'><strong>καί</strong></span> <span class='ocrx_word' id='word_1_58' title='bbox 1269 1209 1327 1286; x_wconf 75' lang='grc' dir='ltr'><strong>τῆς</strong></span> <span class='ocrx_word' id='word_1_59' title='bbox 1348 1191 1515 1286; x_wconf 73' lang='grc' dir='ltr'><strong>ἡμετύρας</strong></span> 
     </span>
     <span class='ocr_line' id='line_1_8' title="bbox 238 1322 1515 1411; baseline 0.002 -26"><span class='ocrx_word' id='word_1_60' title='bbox 238 1323 404 1406; x_wconf 87' lang='grc' dir='ltr'><strong>βασιλείας</strong></span> <span class='ocrx_word' id='word_1_61' title='bbox 428 1327 484 1387; x_wconf 85' lang='grc' dir='ltr'><strong>καί</strong></span> <span class='ocrx_word' id='word_1_62' title='bbox 508 1331 562 1388; x_wconf 87' lang='grc' dir='ltr'><strong>τοῦ</strong></span> <span class='ocrx_word' id='word_1_63' title='bbox 588 1328 817 1411; x_wconf 75' lang='grc' dir='ltr'><strong>προειρημένου</strong></span> <span class='ocrx_word' id='word_1_64' title='bbox 840 1331 900 1410; x_wconf 85' lang='grc' dir='ltr'><strong>κῦρ</strong></span> <span class='ocrx_word' id='word_1_65' title='bbox 922 1323 1039 1397; x_wconf 86' lang='grc' dir='ltr'><strong>δοοπὸς</strong></span> <span class='ocrx_word' id='word_1_66' title='bbox 1066 1322 1123 1389; x_wconf 81' lang='grc' dir='ltr'><strong>καὶ</strong></span> <span class='ocrx_word' id='word_1_67' title='bbox 1151 1332 1206 1389; x_wconf 86' lang='grc' dir='ltr'><strong>τοῦ</strong></span> <span class='ocrx_word' id='word_1_68' title='bbox 1229 1327 1421 1410; x_wconf 84' lang='grc' dir='ltr'><strong>κοομοονίοο</strong></span> <span class='ocrx_word' id='word_1_69' title='bbox 1445 1323 1515 1390; x_wconf 87' lang='grc' dir='ltr'><strong>Βε-</strong></span> 
     </span>
     <span class='ocr_line' id='line_1_9' title="bbox 236 1442 1515 1534; baseline 0 -24"><span class='ocrx_word' id='word_1_70' title='bbox 236 1450 360 1527; x_wconf 82' lang='grc' dir='ltr'><strong>νετίας,</strong></span> <span class='ocrx_word' id='word_1_71' title='bbox 391 1445 505 1519; x_wconf 82' lang='grc' dir='ltr'><strong>καδιίς</strong></span> <span class='ocrx_word' id='word_1_72' title='bbox 533 1446 693 1534; x_wconf 84' lang='grc' dir='ltr'><strong>δηλοῦται</strong></span> <span class='ocrx_word' id='word_1_73' title='bbox 721 1447 776 1514; x_wconf 87' lang='grc' dir='ltr'><strong>διά</strong></span> <span class='ocrx_word' id='word_1_74' title='bbox 807 1467 889 1521; x_wconf 91' lang='grc' dir='ltr'><strong>τινος</strong></span> <span class='ocrx_word' id='word_1_75' title='bbox 919 1450 1105 1534; x_wconf 71' lang='grc' dir='ltr'><strong>γράμματος</strong></span> <span class='ocrx_word' id='word_1_76' title='bbox 1139 1448 1292 1515; x_wconf 83' lang='grc' dir='ltr'><strong>ῦοοκινιῦῦ</strong></span> <span class='ocrx_word' id='word_1_77' title='bbox 1328 1442 1426 1512; x_wconf 84' lang='grc' dir='ltr'><strong>αύτοῦ</strong></span> <span class='ocrx_word' id='word_1_78' title='bbox 1456 1454 1515 1512; x_wconf 86' lang='grc' dir='ltr'><strong>τοῦ</strong></span> 
     </span>
     <span class='ocr_line' id='line_1_10' title="bbox 238 1567 1516 1657; baseline 0.002 -25"><span class='ocrx_word' id='word_1_79' title='bbox 238 1567 407 1656; x_wconf 73' lang='grc' dir='ltr'><strong>ἐπιφανοῦς</strong></span> <span class='ocrx_word' id='word_1_80' title='bbox 429 1574 486 1634; x_wconf 83' lang='grc' dir='ltr'><strong>καί</strong></span> <span class='ocrx_word' id='word_1_81' title='bbox 511 1570 770 1656; x_wconf 80' lang='grc' dir='ltr'><strong>μεγαλοπρεποῦς</strong></span> <span class='ocrx_word' id='word_1_82' title='bbox 793 1578 890 1657; x_wconf 88' lang='grc' dir='ltr'><strong>κοροῦ</strong></span> <span class='ocrx_word' id='word_1_83' title='bbox 913 1571 1031 1645; x_wconf 84' lang='grc' dir='ltr'><strong>δοοκύς</strong></span> <span class='ocrx_word' id='word_1_84' title='bbox 1056 1575 1118 1636; x_wconf 77' lang='grc' dir='ltr'><strong>καί</strong></span> <span class='ocrx_word' id='word_1_85' title='bbox 1141 1577 1196 1636; x_wconf 83' lang='grc' dir='ltr'><strong>τοῦ</strong></span> <span class='ocrx_word' id='word_1_86' title='bbox 1224 1574 1417 1656; x_wconf 88' lang='grc' dir='ltr'><strong>κοομοονίοο</strong></span> <span class='ocrx_word' id='word_1_87' title='bbox 1445 1567 1516 1636; x_wconf 82' lang='grc' dir='ltr'><strong>Βε-·</strong></span> 
     </span>
     <span class='ocr_line' id='line_1_11' title="bbox 236 1683 1512 1781; baseline 0.001 -26"><span class='ocrx_word' id='word_1_88' title='bbox 236 1696 347 1765; x_wconf 86' lang='grc' dir='ltr'><strong>νειίας·</strong></span> <span class='ocrx_word' id='word_1_89' title='bbox 368 1687 645 1779; x_wconf 78' lang='grc' dir='ltr'><strong>κάτωχοραιμὲνοο</strong></span> <span class='ocrx_word' id='word_1_90' title='bbox 672 1693 793 1780; x_wconf 85' lang='grc' dir='ltr'><strong>βούλλη</strong></span> <span class='ocrx_word' id='word_1_91' title='bbox 822 1695 997 1781; x_wconf 84' lang='grc' dir='ltr'><strong>μολοβδίνη</strong></span> <span class='ocrx_word' id='word_1_92' title='bbox 1025 1696 1106 1780; x_wconf 75' lang='grc' dir='ltr'><strong>μετὰ</strong></span> <span class='ocrx_word' id='word_1_93' title='bbox 1128 1697 1271 1780; x_wconf 81' lang='grc' dir='ltr'><strong>σχοινίου</strong></span> <span class='ocrx_word' id='word_1_94' title='bbox 1294 1683 1512 1778; x_wconf 71' lang='grc' dir='ltr'><strong>κανάβιτικοῦ</strong></span> 
     </span>
     <span class='ocr_line' id='line_1_12' title="bbox 236 1813 1514 1904; baseline 0 -24"><span class='ocrx_word' id='word_1_95' title='bbox 236 1817 396 1890; x_wconf 71' lang='grc' dir='ltr'><strong>δοθέντας</strong></span> <span class='ocrx_word' id='word_1_96' title='bbox 421 1815 456 1882; x_wconf 83' lang='grc' dir='ltr'><strong>ἐν</strong></span> <span class='ocrx_word' id='word_1_97' title='bbox 489 1816 531 1901; x_wconf 74' lang='grc' dir='ltr'><strong>τῷ</strong></span> <span class='ocrx_word' id='word_1_98' title='bbox 567 1815 707 1902; x_wconf 78' lang='grc' dir='ltr'><strong>δοοκιιιῷ</strong></span> <span class='ocrx_word' id='word_1_99' title='bbox 743 1819 888 1904; x_wconf 84' lang='grc' dir='ltr'><strong>παλατίῳ</strong></span> <span class='ocrx_word' id='word_1_100' title='bbox 924 1813 1021 1882; x_wconf 84' lang='grc' dir='ltr'><strong>αἰτοῦ</strong></span> <span class='ocrx_word' id='word_1_101' title='bbox 1047 1823 1105 1884; x_wconf 88' lang='grc' dir='ltr'><strong>τοῦ</strong></span> <span class='ocrx_word' id='word_1_102' title='bbox 1130 1821 1321 1904; x_wconf 85' lang='grc' dir='ltr'><strong>κοομοονίοο</strong></span> <span class='ocrx_word' id='word_1_103' title='bbox 1350 1815 1416 1882; x_wconf 79' lang='grc' dir='ltr'><strong>ἐπει</strong></span> <span class='ocrx_word' id='word_1_104' title='bbox 1446 1816 1514 1881; x_wconf 80' lang='grc' dir='ltr'><strong>ἀπὸ</strong></span> 
     </span>
     <span class='ocr_line' id='line_1_13' title="bbox 236 1938 1512 2028; baseline 0 -24"><span class='ocrx_word' id='word_1_105' title='bbox 236 1950 292 2028; x_wconf 77' lang='grc' dir='ltr'><strong>ιης</strong></span> <span class='ocrx_word' id='word_1_106' title='bbox 319 1945 374 2005; x_wconf 87' lang='grc' dir='ltr'><strong>τοῦ</strong></span> <span class='ocrx_word' id='word_1_107' title='bbox 402 1945 512 2027; x_wconf 82' lang='grc' dir='ltr'><strong>κορίοο</strong></span> <span class='ocrx_word' id='word_1_108' title='bbox 541 1945 734 2026; x_wconf 78' lang='grc' dir='ltr'><strong>σαρκάσεας</strong></span> <span class='ocrx_word' id='word_1_109' title='bbox 757 1940 910 2028; x_wconf 75' lang='grc' dir='ltr'><strong>χιλιοστῷ</strong></span> <span class='ocrx_word' id='word_1_110' title='bbox 940 1940 1192 2027; x_wconf 68' lang='grc' dir='ltr'><strong>τετρακοσιοστῷ</strong></span> <span class='ocrx_word' id='word_1_111' title='bbox 1224 1938 1512 2024; x_wconf 73' lang='grc' dir='ltr'><strong>ὀκτωκαιδεκάτῳ,</strong></span> 
     </span>
     <span class='ocr_line' id='line_1_14' title="bbox 234 2051 1515 2153; baseline 0 -25"><span class='ocrx_word' id='word_1_112' title='bbox 234 2063 430 2139; x_wconf 82' lang='grc' dir='ltr'><strong>ἰνδικτιῶνος</strong></span> <span class='ocrx_word' id='word_1_113' title='bbox 459 2062 648 2153; x_wconf 83' lang='grc' dir='ltr'><strong>ἑνδεκάτης,</strong></span> <span class='ocrx_word' id='word_1_114' title='bbox 676 2060 781 2153; x_wconf 74' lang='grc' dir='ltr'><strong>ἡμέρη</strong></span> <span class='ocrx_word' id='word_1_115' title='bbox 808 2063 939 2152; x_wconf 80' lang='grc' dir='ltr'><strong>εἰκοστη</strong></span> <span class='ocrx_word' id='word_1_116' title='bbox 966 2065 1099 2151; x_wconf 75' lang='grc' dir='ltr'><strong>δεύτερα</strong></span> <span class='ocrx_word' id='word_1_117' title='bbox 1126 2067 1225 2152; x_wconf 76' lang='grc' dir='ltr'><strong>μηνὸς</strong></span> <span class='ocrx_word' id='word_1_118' title='bbox 1253 2051 1395 2128; x_wconf 86' lang='grc' dir='ltr'><strong>ἰοολλίοο</strong></span> <span class='ocrx_word' id='word_1_119' title='bbox 1422 2068 1515 2128; x_wconf 84' lang='grc' dir='ltr'><strong>κατὰ</strong></span> 
     </span>
     <span class='ocr_line' id='line_1_15' title="bbox 235 2187 1515 2276; baseline -0.001 -24"><span class='ocrx_word' id='word_1_120' title='bbox 235 2191 270 2254; x_wconf 86' lang='grc' dir='ltr'><strong>τύ</strong></span> <span class='ocrx_word' id='word_1_121' title='bbox 299 2187 378 2262; x_wconf 72' lang='grc' dir='ltr'><strong>ἕδος</strong></span> <span class='ocrx_word' id='word_1_122' title='bbox 408 2198 474 2276; x_wconf 80' lang='grc' dir='ltr'><strong>της-</strong></span> <span class='ocrx_word' id='word_1_123' title='bbox 491 2187 655 2268; x_wconf 84' lang='grc' dir='ltr'><strong>Βενετίας,</strong></span> <span class='ocrx_word' id='word_1_124' title='bbox 691 2187 739 2254; x_wconf 53' lang='grc' dir='ltr'><strong>ἂι</strong></span> <span class='ocrx_word' id='word_1_125' title='bbox 766 2189 802 2254; x_wconf 83' lang='grc' dir='ltr'><strong>δέ</strong></span> <span class='ocrx_word' id='word_1_126' title='bbox 830 2194 887 2254; x_wconf 86' lang='grc' dir='ltr'><strong>καί</strong></span> <span class='ocrx_word' id='word_1_127' title='bbox 915 2189 969 2255; x_wconf 79' lang='grc' dir='ltr'><strong>διὰ</strong></span> <span class='ocrx_word' id='word_1_128' title='bbox 998 2193 1183 2276; x_wconf 82' lang='grc' dir='ltr'><strong>γράμματος</strong></span> <span class='ocrx_word' id='word_1_129' title='bbox 1208 2189 1363 2254; x_wconf 87' lang='grc' dir='ltr'><strong>δοοκιιιοῦ</strong></span> <span class='ocrx_word' id='word_1_130' title='bbox 1389 2191 1515 2252; x_wconf 81' lang='grc' dir='ltr'><strong>πιστά-</strong></span> 
     </span>
     <span class='ocr_line' id='line_1_16' title="bbox 235 2307 1516 2400; baseline -0.001 -24"><span class='ocrx_word' id='word_1_131' title='bbox 235 2333 315 2385; x_wconf 81' lang='grc' dir='ltr'><strong>στισς</strong></span> <span class='ocrx_word' id='word_1_132' title='bbox 343 2307 443 2378; x_wconf 75' lang='grc' dir='ltr'><strong>αὐτοῦ</strong></span> <span class='ocrx_word' id='word_1_133' title='bbox 471 2321 527 2378; x_wconf 83' lang='grc' dir='ltr'><strong>τοῦ</strong></span> <span class='ocrx_word' id='word_1_134' title='bbox 556 2321 615 2400; x_wconf 86' lang='grc' dir='ltr'><strong>πῦρ</strong></span> <span class='ocrx_word' id='word_1_135' title='bbox 642 2313 759 2388; x_wconf 84' lang='grc' dir='ltr'><strong>δοοκῦς</strong></span> <span class='ocrx_word' id='word_1_136' title='bbox 787 2317 844 2379; x_wconf 81' lang='grc' dir='ltr'><strong>καὶ</strong></span> <span class='ocrx_word' id='word_1_137' title='bbox 871 2321 926 2379; x_wconf 77' lang='grc' dir='ltr'><strong>τοῦ</strong></span> <span class='ocrx_word' id='word_1_138' title='bbox 949 2319 1139 2399; x_wconf 86' lang='grc' dir='ltr'><strong>κοομοονίοο</strong></span> <span class='ocrx_word' id='word_1_139' title='bbox 1161 2311 1311 2386; x_wconf 82' lang='grc' dir='ltr'><strong>Βενιτίας</strong></span> <span class='ocrx_word' id='word_1_140' title='bbox 1335 2311 1516 2383; x_wconf 79' lang='grc' dir='ltr'><strong>σταλίνπος</strong></span> 
     </span>
     <span class='ocr_line' id='line_1_17' title="bbox 234 2431 1513 2523; baseline 0.002 -25"><span class='ocrx_word' id='word_1_141' title='bbox 234 2431 306 2521; x_wconf 80' lang='grc' dir='ltr'><strong>ἡμίν</strong></span> <span class='ocrx_word' id='word_1_142' title='bbox 331 2439 448 2522; x_wconf 80' lang='grc' dir='ltr'><strong>κοίτη</strong></span> <span class='ocrx_word' id='word_1_143' title='bbox 472 2432 611 2523; x_wconf 74' lang='grc' dir='ltr'><strong>ἡμετέρη</strong></span> <span class='ocrx_word' id='word_1_144' title='bbox 638 2437 788 2522; x_wconf 77' lang='grc' dir='ltr'><strong>βασιλεία</strong></span> <span class='ocrx_word' id='word_1_145' title='bbox 814 2435 872 2502; x_wconf 88' lang='grc' dir='ltr'><strong>καὶ</strong></span> <span class='ocrx_word' id='word_1_146' title='bbox 895 2437 1051 2510; x_wconf 74' lang='grc' dir='ltr'><strong>ἐσδύντος</strong></span> <span class='ocrx_word' id='word_1_147' title='bbox 1076 2434 1109 2502; x_wconf 88' lang='grc' dir='ltr'><strong>ἐν</strong></span> <span class='ocrx_word' id='word_1_148' title='bbox 1132 2435 1174 2522; x_wconf 74' lang='grc' dir='ltr'><strong>τῷ</strong></span> <span class='ocrx_word' id='word_1_149' title='bbox 1199 2438 1418 2522; x_wconf 60' lang='grc' dir='ltr'><strong>προειρημένῳ</strong></span> <span class='ocrx_word' id='word_1_150' title='bbox 1442 2457 1513 2500; x_wconf 89' lang='grc' dir='ltr'><strong>πα-</strong></span> 
     </span>
     <span class='ocr_line' id='line_1_18' title="bbox 234 2553 1514 2648; baseline 0.001 -26"><span class='ocrx_word' id='word_1_151' title='bbox 234 2558 333 2642; x_wconf 81' lang='grc' dir='ltr'><strong>λατίιρ</strong></span> <span class='ocrx_word' id='word_1_152' title='bbox 357 2567 412 2624; x_wconf 85' lang='grc' dir='ltr'><strong>τοῦ</strong></span> <span class='ocrx_word' id='word_1_153' title='bbox 436 2553 591 2647; x_wconf 79' lang='grc' dir='ltr'><strong>ῥηδέντσς</strong></span> <span class='ocrx_word' id='word_1_154' title='bbox 617 2565 817 2647; x_wconf 84' lang='grc' dir='ltr'><strong>κοομοονίοο,</strong></span> <span class='ocrx_word' id='word_1_155' title='bbox 843 2559 915 2638; x_wconf 85' lang='grc' dir='ltr'><strong>ἐπει,</strong></span> <span class='ocrx_word' id='word_1_156' title='bbox 940 2565 1025 2648; x_wconf 82' lang='grc' dir='ltr'><strong>μηνί,</strong></span> <span class='ocrx_word' id='word_1_157' title='bbox 1048 2557 1153 2648; x_wconf 77' lang='grc' dir='ltr'><strong>ἡμύρη</strong></span> <span class='ocrx_word' id='word_1_158' title='bbox 1175 2563 1232 2624; x_wconf 84' lang='grc' dir='ltr'><strong>καί</strong></span> <span class='ocrx_word' id='word_1_159' title='bbox 1253 2557 1442 2638; x_wconf 77' lang='grc' dir='ltr'><strong>ἰνδικτιῦνι,</strong></span> <span class='ocrx_word' id='word_1_160' title='bbox 1467 2555 1514 2631; x_wconf 79' lang='grc' dir='ltr'><strong>ὡς</strong></span> 
     </span>
     <span class='ocr_line' id='line_1_19' title="bbox 235 2679 1515 2772; baseline 0.002 -27"><span class='ocrx_word' id='word_1_161' title='bbox 235 2679 390 2768; x_wconf 77' lang='grc' dir='ltr'><strong>ἀνωτέρω,</strong></span> <span class='ocrx_word' id='word_1_162' title='bbox 414 2688 470 2749; x_wconf 81' lang='grc' dir='ltr'><strong>καί</strong></span> <span class='ocrx_word' id='word_1_163' title='bbox 494 2689 600 2770; x_wconf 72' lang='grc' dir='ltr'><strong>μέντοι</strong></span> <span class='ocrx_word' id='word_1_164' title='bbox 629 2688 709 2772; x_wconf 82' lang='grc' dir='ltr'><strong>μετὰ</strong></span> <span class='ocrx_word' id='word_1_165' title='bbox 736 2685 884 2759; x_wconf 83' lang='grc' dir='ltr'><strong>ποικίλας</strong></span> <span class='ocrx_word' id='word_1_166' title='bbox 912 2681 1039 2771; x_wconf 81' lang='grc' dir='ltr'><strong>ὁμιλίας</strong></span> <span class='ocrx_word' id='word_1_167' title='bbox 1066 2687 1123 2750; x_wconf 85' lang='grc' dir='ltr'><strong>καί</strong></span> <span class='ocrx_word' id='word_1_168' title='bbox 1149 2683 1384 2770; x_wconf 81' lang='grc' dir='ltr'><strong>τρακταῑσμούς</strong></span> <span class='ocrx_word' id='word_1_169' title='bbox 1412 2703 1515 2761; x_wconf 82' lang='grc' dir='ltr'><strong>γενο-</strong></span> 
     </span>
     <span class='ocr_line' id='line_1_20' title="bbox 234 2805 1516 2896; baseline -0.002 -23"><span class='ocrx_word' id='word_1_170' title='bbox 234 2809 348 2890; x_wconf 72' lang='grc' dir='ltr'><strong>μὲνους</strong></span> <span class='ocrx_word' id='word_1_171' title='bbox 371 2808 485 2892; x_wconf 71' lang='grc' dir='ltr'><strong>μεταξύ</strong></span> <span class='ocrx_word' id='word_1_172' title='bbox 515 2805 603 2896; x_wconf 79' lang='grc' dir='ltr'><strong>ἡμῶν</strong></span> <span class='ocrx_word' id='word_1_173' title='bbox 627 2831 660 2874; x_wconf 83' lang='grc' dir='ltr'><strong>τε</strong></span> <span class='ocrx_word' id='word_1_174' title='bbox 679 2811 739 2873; x_wconf 79' lang='grc' dir='ltr'><strong>καί</strong></span> <span class='ocrx_word' id='word_1_175' title='bbox 766 2817 822 2896; x_wconf 80' lang='grc' dir='ltr'><strong>της</strong></span> <span class='ocrx_word' id='word_1_176' title='bbox 849 2809 1016 2892; x_wconf 81' lang='grc' dir='ltr'><strong>βασιλείας</strong></span> <span class='ocrx_word' id='word_1_177' title='bbox 1043 2805 1132 2895; x_wconf 79' lang='grc' dir='ltr'><strong>ἡμῶν</strong></span> <span class='ocrx_word' id='word_1_178' title='bbox 1159 2811 1294 2874; x_wconf 84' lang='grc' dir='ltr'><strong>καὶτοῦ</strong></span> <span class='ocrx_word' id='word_1_179' title='bbox 1317 2809 1516 2893; x_wconf 69' lang='grc' dir='ltr'><strong>προειρημέ-</strong></span> 
     </span>
     <span class='ocr_line' id='line_1_21' title="bbox 233 2927 1515 3021; baseline 0.001 -25"><span class='ocrx_word' id='word_1_180' title='bbox 233 2951 288 2996; x_wconf 84' lang='grc' dir='ltr'><strong>νοο</strong></span> <span class='ocrx_word' id='word_1_181' title='bbox 323 2931 486 3012; x_wconf 86' lang='grc' dir='ltr'><strong>σονδίιιοο,</strong></span> <span class='ocrx_word' id='word_1_182' title='bbox 522 2931 688 3020; x_wconf 78' lang='grc' dir='ltr'><strong>ἐπιτρόπου</strong></span> <span class='ocrx_word' id='word_1_183' title='bbox 712 2938 767 2998; x_wconf 83' lang='grc' dir='ltr'><strong>ιιαὶ</strong></span> <span class='ocrx_word' id='word_1_184' title='bbox 795 2929 1039 3020; x_wconf 81' lang='grc' dir='ltr'><strong>άποκρισιαρῑοο</strong></span> <span class='ocrx_word' id='word_1_185' title='bbox 1072 2940 1292 3021; x_wconf 74' lang='grc' dir='ltr'><strong>περιφανοῦς,Ι</strong></span> <span class='ocrx_word' id='word_1_186' title='bbox 1310 2927 1402 3018; x_wconf 75' lang='grc' dir='ltr'><strong>ἡμεῖς</strong></span> <span class='ocrx_word' id='word_1_187' title='bbox 1430 2929 1515 2998; x_wconf 84' lang='grc' dir='ltr'><strong>Μα-</strong></span> 
     </span>
     <span class='ocr_line' id='line_1_22' title="bbox 232 3051 1515 3156; baseline 0.002 -36"><span class='ocrx_word' id='word_1_188' title='bbox 232 3055 344 3142; x_wconf 78' lang='grc' dir='ltr'><strong>νορηλ,</strong></span> <span class='ocrx_word' id='word_1_189' title='bbox 369 3057 414 3121; x_wconf 84' lang='grc' dir='ltr'><strong>,ἐν</strong></span> <span class='ocrx_word' id='word_1_190' title='bbox 442 3055 566 3142; x_wconf 71' lang='grc' dir='ltr'><strong>Χριστῷ</strong></span> <span class='ocrx_word' id='word_1_191' title='bbox 598 3057 639 3141; x_wconf 81' lang='grc' dir='ltr'><strong>τῷ</strong></span> <span class='ocrx_word' id='word_1_192' title='bbox 669 3056 736 3141; x_wconf 74' lang='grc' dir='ltr'><strong>θεῷ</strong></span> <span class='ocrx_word' id='word_1_193' title='bbox 773 3059 882 3130; x_wconf 79' lang='grc' dir='ltr'><strong>πιστὸς</strong></span> <span class='ocrx_word' id='word_1_194' title='bbox 904 3057 1061 3141; x_wconf 82' lang='grc' dir='ltr'><strong>Ιβασιλεῦς</strong></span> <span class='ocrx_word' id='word_1_195' title='bbox 1096 3061 1152 3156; x_wconf 77' lang='grc' dir='ltr'><strong>καί</strong></span> <span class='ocrx_word' id='word_1_196' title='bbox 1187 3051 1392 3154; x_wconf 84' lang='grc' dir='ltr'><strong>αύτοκράοοιρ</strong></span> <span class='ocrx_word' id='word_1_197' title='bbox 1428 3053 1515 3122; x_wconf 80' lang='grc' dir='ltr'><strong>Ῥεο-</strong></span> 
     </span>
     <span class='ocr_line' id='line_1_23' title="bbox 233 3176 1515 3272; baseline 0 -28"><span class='ocrx_word' id='word_1_198' title='bbox 233 3183 346 3264; x_wconf 79' lang='grc' dir='ltr'><strong>μαίιον,</strong></span> <span class='ocrx_word' id='word_1_199' title='bbox 370 3176 386 3244; x_wconf 85' lang='grc' dir='ltr'><strong>ύ</strong></span> <span class='ocrx_word' id='word_1_200' title='bbox 410 3178 646 3259; x_wconf 88' lang='grc' dir='ltr'><strong>Παλαιολύγος,</strong></span> <span class='ocrx_word' id='word_1_201' title='bbox 670 3177 710 3246; x_wconf 78' lang='grc' dir='ltr'><strong>δι’</strong></span> <span class='ocrx_word' id='word_1_202' title='bbox 734 3176 823 3268; x_wconf 76' lang='grc' dir='ltr'><strong>ἡμῶν</strong></span> <span class='ocrx_word' id='word_1_203' title='bbox 846 3185 901 3246; x_wconf 80' lang='grc' dir='ltr'><strong>καί</strong></span> <span class='ocrx_word' id='word_1_204' title='bbox 924 3190 981 3267; x_wconf 84' lang='grc' dir='ltr'><strong>τῆς</strong></span> <span class='ocrx_word' id='word_1_205' title='bbox 1003 3181 1169 3264; x_wconf 77' lang='grc' dir='ltr'><strong>βασιλείας</strong></span> <span class='ocrx_word' id='word_1_206' title='bbox 1189 3177 1293 3272; x_wconf 81' lang='grc' dir='ltr'><strong>ἡμῶν,</strong></span> <span class='ocrx_word' id='word_1_207' title='bbox 1319 3179 1366 3246; x_wconf 80' lang='grc' dir='ltr'><strong>ἐτι</strong></span> <span class='ocrx_word' id='word_1_208' title='bbox 1386 3201 1421 3244; x_wconf 85' lang='grc' dir='ltr'><strong>τε</strong></span> <span class='ocrx_word' id='word_1_209' title='bbox 1447 3191 1515 3246; x_wconf 76' lang='grc' dir='ltr'><strong>τῶν</strong></span> 
     </span>
     <span class='ocr_line' id='line_1_24' title="bbox 232 3300 1514 3392; baseline 0.002 -24"><span class='ocrx_word' id='word_1_210' title='bbox 232 3303 438 3390; x_wconf 83' lang='grc' dir='ltr'><strong>κληρονόμων</strong></span> <span class='ocrx_word' id='word_1_211' title='bbox 463 3308 519 3373; x_wconf 86' lang='grc' dir='ltr'><strong>καί</strong></span> <span class='ocrx_word' id='word_1_212' title='bbox 542 3305 702 3390; x_wconf 80' lang='grc' dir='ltr'><strong>διαδόχων</strong></span> <span class='ocrx_word' id='word_1_213' title='bbox 724 3301 830 3392; x_wconf 82' lang='grc' dir='ltr'><strong>ἡμῶν,</strong></span> <span class='ocrx_word' id='word_1_214' title='bbox 854 3300 972 3390; x_wconf 81' lang='grc' dir='ltr'><strong>δμοίως</strong></span> <span class='ocrx_word' id='word_1_215' title='bbox 999 3305 1114 3375; x_wconf 79' lang='grc' dir='ltr'><strong>δὲκαὶ</strong></span> <span class='ocrx_word' id='word_1_216' title='bbox 1138 3302 1154 3372; x_wconf 82' lang='grc' dir='ltr'>ὁ</span> <span class='ocrx_word' id='word_1_217' title='bbox 1180 3303 1345 3390; x_wconf 63' lang='grc' dir='ltr'><strong>εἰρημένος</strong></span> <span class='ocrx_word' id='word_1_218' title='bbox 1368 3300 1514 3390; x_wconf 81' lang='grc' dir='ltr'><strong>ἀποκρι-</strong></span> 
     </span>
     <span class='ocr_line' id='line_1_25' title="bbox 232 3425 1514 3516; baseline 0.002 -24"><span class='ocrx_word' id='word_1_219' title='bbox 232 3430 369 3514; x_wconf 91' lang='grc' dir='ltr'><strong>σιάριος,</strong></span> <span class='ocrx_word' id='word_1_220' title='bbox 406 3427 552 3501; x_wconf 89' lang='grc' dir='ltr'><strong>σύνδικος</strong></span> <span class='ocrx_word' id='word_1_221' title='bbox 586 3432 642 3494; x_wconf 84' lang='grc' dir='ltr'><strong>καὶ</strong></span> <span class='ocrx_word' id='word_1_222' title='bbox 670 3429 836 3515; x_wconf 86' lang='grc' dir='ltr'><strong>ἐπίτροπος</strong></span> <span class='ocrx_word' id='word_1_223' title='bbox 864 3429 978 3514; x_wconf 81' lang='grc' dir='ltr'><strong>δικαίην</strong></span> <span class='ocrx_word' id='word_1_224' title='bbox 1002 3432 1058 3493; x_wconf 84' lang='grc' dir='ltr'><strong>καί</strong></span> <span class='ocrx_word' id='word_1_225' title='bbox 1080 3425 1214 3515; x_wconf 84' lang='grc' dir='ltr'><strong>ύνῦματι</strong></span> <span class='ocrx_word' id='word_1_226' title='bbox 1236 3437 1291 3494; x_wconf 85' lang='grc' dir='ltr'><strong>τοῦ</strong></span> <span class='ocrx_word' id='word_1_227' title='bbox 1314 3435 1514 3516; x_wconf 62' lang='grc' dir='ltr'><strong>προειρημέ-</strong></span> 
     </span>
     <span class='ocr_line' id='line_1_26' title="bbox 231 3548 1513 3640; baseline 0.004 -26"><span class='ocrx_word' id='word_1_228' title='bbox 231 3570 286 3615; x_wconf 91' lang='grc' dir='ltr'><strong>νοο</strong></span> <span class='ocrx_word' id='word_1_229' title='bbox 320 3558 418 3637; x_wconf 87' lang='grc' dir='ltr'><strong>κοροῦ</strong></span> <span class='ocrx_word' id='word_1_230' title='bbox 452 3551 568 3624; x_wconf 88' lang='grc' dir='ltr'><strong>δοοκός</strong></span> <span class='ocrx_word' id='word_1_231' title='bbox 602 3556 658 3616; x_wconf 88' lang='grc' dir='ltr'><strong>καί</strong></span> <span class='ocrx_word' id='word_1_232' title='bbox 688 3560 742 3616; x_wconf 86' lang='grc' dir='ltr'><strong>τοῦ</strong></span> <span class='ocrx_word' id='word_1_233' title='bbox 777 3555 967 3638; x_wconf 83' lang='grc' dir='ltr'><strong>κοσμούνιῦιι</strong></span> <span class='ocrx_word' id='word_1_234' title='bbox 990 3551 1140 3627; x_wconf 88' lang='grc' dir='ltr'><strong>Βενετίας</strong></span> <span class='ocrx_word' id='word_1_235' title='bbox 1176 3548 1251 3639; x_wconf 79' lang='grc' dir='ltr'><strong>ύπέρ</strong></span> <span class='ocrx_word' id='word_1_236' title='bbox 1286 3551 1413 3640; x_wconf 80' lang='grc' dir='ltr'><strong>εἰρήνης</strong></span> <span class='ocrx_word' id='word_1_237' title='bbox 1451 3559 1513 3619; x_wconf 83' lang='grc' dir='ltr'><strong>καί</strong></span> 
     </span>
     <span class='ocr_line' id='line_1_27' title="bbox 233 3671 1510 3777; baseline 0.003 -39"><span class='ocrx_word' id='word_1_238' title='bbox 233 3671 360 3760; x_wconf 80' lang='grc' dir='ltr'><strong>ἀγάπης</strong></span> <span class='ocrx_word' id='word_1_239' title='bbox 383 3671 584 3777; x_wconf 67' lang='grc' dir='ltr'><strong>ἐκατέριηδεν</strong></span> <span class='ocrx_word' id='word_1_240' title='bbox 609 3673 817 3764; x_wconf 83' lang='grc' dir='ltr'><strong>δριιλομὲνης</strong></span> <span class='ocrx_word' id='word_1_241' title='bbox 844 3679 1026 3764; x_wconf 79' lang='grc' dir='ltr'><strong>τηρηδηναι</strong></span> <span class='ocrx_word' id='word_1_242' title='bbox 1049 3679 1105 3745; x_wconf 86' lang='grc' dir='ltr'><strong>καί</strong></span> <span class='ocrx_word' id='word_1_243' title='bbox 1129 3673 1310 3764; x_wconf 82' lang='grc' dir='ltr'><strong>φιλίας-ἐπὶ</strong></span> <span class='ocrx_word' id='word_1_244' title='bbox 1334 3679 1370 3741; x_wconf 86' lang='grc' dir='ltr'><strong>τῦ</strong></span> <span class='ocrx_word' id='word_1_245' title='bbox 1394 3689 1510 3762; x_wconf 81' lang='grc' dir='ltr'><strong>κρεῖτ·</strong></span> 
     </span>
    </p>
   </div>
   <div class='ocr_carea' id='block_1_3' title="bbox 90 3777 1509 3888">
    <p class='ocr_par' dir='ltr' id='par_1_3' title="bbox 90 3777 1509 3888">
     <span class='ocr_line' id='line_1_28' title="bbox 90 3777 1509 3888; baseline 0.008 -33"><span class='ocrx_word' id='word_1_246' title='bbox 90 3777 97 3790; x_wconf 71' lang='grc'><strong>’</strong></span> <span class='ocrx_word' id='word_1_247' title='bbox 232 3818 284 3858; x_wconf 87' lang='grc' dir='ltr'><strong>τον</strong></span> <span class='ocrx_word' id='word_1_248' title='bbox 313 3791 595 3884; x_wconf 76' lang='grc' dir='ltr'><strong>αύξηθησομὲνης,</strong></span> <span class='ocrx_word' id='word_1_249' title='bbox 620 3796 888 3885; x_wconf 77' lang='grc' dir='ltr'><strong>ἐπικαλεσάμενοι</strong></span> <span class='ocrx_word' id='word_1_250' title='bbox 912 3801 945 3863; x_wconf 85' lang='grc' dir='ltr'><strong>τῦ</strong></span> <span class='ocrx_word' id='word_1_251' title='bbox 981 3795 1083 3886; x_wconf 78' lang='grc' dir='ltr'><strong>ὄνομα</strong></span> <span class='ocrx_word' id='word_1_252' title='bbox 1105 3808 1160 3865; x_wconf 86' lang='grc' dir='ltr'><strong>τοῦ</strong></span> <span class='ocrx_word' id='word_1_253' title='bbox 1184 3797 1335 3884; x_wconf 86' lang='grc' dir='ltr'><strong>Χριστοῦ,</strong></span> <span class='ocrx_word' id='word_1_254' title='bbox 1366 3802 1509 3888; x_wconf 88' lang='grc' dir='ltr'><strong>σονέβη-</strong></span> 
     </span>
    </p>
   </div>
   <div class='ocr_carea' id='block_1_4' title="bbox 229 3906 1562 4879">
    <p class='ocr_par' dir='ltr' id='par_1_4' title="bbox 229 3906 1562 4879">
     <span class='ocr_line' id='line_1_29' title="bbox 232 3906 1511 4012; baseline 0.005 -27"><span class='ocrx_word' id='word_1_255' title='bbox 232 3943 287 4005; x_wconf 79' lang='grc' dir='ltr'><strong>μιν</strong></span> <span class='ocrx_word' id='word_1_256' title='bbox 312 3917 361 3986; x_wconf 78' lang='grc' dir='ltr'><strong>ἐπὶ</strong></span> <span class='ocrx_word' id='word_1_257' title='bbox 378 3906 520 4001; x_wconf 72' lang='grc' dir='ltr'><strong>τούτοις,</strong></span> <span class='ocrx_word' id='word_1_258' title='bbox 555 3919 705 4009; x_wconf 84' lang='grc' dir='ltr'><strong>δηλονότι</strong></span> <span class='ocrx_word' id='word_1_259' title='bbox 726 3919 778 3988; x_wconf 82' lang='grc' dir='ltr'><strong>ἵνα</strong></span> <span class='ocrx_word' id='word_1_260' title='bbox 804 3922 865 3989; x_wconf 82' lang='grc' dir='ltr'><strong>αἰπύ</strong></span> <span class='ocrx_word' id='word_1_261' title='bbox 890 3931 945 4010; x_wconf 82' lang='grc' dir='ltr'><strong>τῆς</strong></span> <span class='ocrx_word' id='word_1_262' title='bbox 971 3923 1134 4011; x_wconf 82' lang='grc' dir='ltr'><strong>παρούσης</strong></span> <span class='ocrx_word' id='word_1_263' title='bbox 1162 3920 1285 4012; x_wconf 70' lang='grc' dir='ltr'><strong>ἡμέρας</strong></span> <span class='ocrx_word' id='word_1_264' title='bbox 1312 3927 1369 3988; x_wconf 83' lang='grc' dir='ltr'><strong>καί</strong></span> <span class='ocrx_word' id='word_1_265' title='bbox 1396 3921 1444 3998; x_wconf 85' lang='grc' dir='ltr'><strong>εἰς</strong></span> <span class='ocrx_word' id='word_1_266' title='bbox 1473 3929 1511 3992; x_wconf 88' lang='grc' dir='ltr'>τό</span> 
     </span>
     <span class='ocr_line' id='line_1_30' title="bbox 231 4043 1562 4137; baseline 0.003 -29"><span class='ocrx_word' id='word_1_267' title='bbox 231 4043 413 4130; x_wconf 74' lang='grc' dir='ltr'><strong>ἔμπροσθεν</strong></span> <span class='ocrx_word' id='word_1_268' title='bbox 450 4050 544 4132; x_wconf 75' lang='grc' dir='ltr'><strong>μέχρι</strong></span> <span class='ocrx_word' id='word_1_269' title='bbox 577 4051 667 4110; x_wconf 78' lang='grc' dir='ltr'><strong>πέντε</strong></span> <span class='ocrx_word' id='word_1_270' title='bbox 703 4043 779 4112; x_wconf 81' lang='grc' dir='ltr'><strong>ἐτῶν</strong></span> <span class='ocrx_word' id='word_1_271' title='bbox 814 4057 874 4112; x_wconf 83' lang='grc' dir='ltr'><strong>τῶν</strong></span> <span class='ocrx_word' id='word_1_272' title='bbox 910 4043 1021 4137; x_wconf 72' lang='grc' dir='ltr'><strong>ἐφεξῆς</strong></span> <span class='ocrx_word' id='word_1_273' title='bbox 1060 4045 1349 4134; x_wconf 79' lang='grc' dir='ltr'><strong>ἀκολουθησύντοιν</strong></span> <span class='ocrx_word' id='word_1_274' title='bbox 1385 4053 1510 4132; x_wconf 76' lang='grc' dir='ltr'><strong>μεταξύ</strong></span> <span class='ocrx_word' id='word_1_275' title='bbox 1561 4103 1562 4112; x_wconf 73' lang='grc'><strong>,</strong></span> 
     </span>
     <span class='ocr_line' id='line_1_31' title="bbox 230 4164 1510 4260; baseline 0.003 -29"><span class='ocrx_word' id='word_1_276' title='bbox 230 4164 318 4254; x_wconf 76' lang='grc' dir='ltr'><strong>ἡμῶν</strong></span> <span class='ocrx_word' id='word_1_277' title='bbox 341 4191 375 4233; x_wconf 91' lang='grc' dir='ltr'><strong>τε</strong></span> <span class='ocrx_word' id='word_1_278' title='bbox 398 4173 455 4235; x_wconf 85' lang='grc' dir='ltr'><strong>καί</strong></span> <span class='ocrx_word' id='word_1_279' title='bbox 478 4179 535 4255; x_wconf 80' lang='grc' dir='ltr'><strong>τῆς</strong></span> <span class='ocrx_word' id='word_1_280' title='bbox 559 4171 724 4252; x_wconf 63' lang='grc' dir='ltr'><strong>βασιλείας</strong></span> <span class='ocrx_word' id='word_1_281' title='bbox 746 4165 836 4259; x_wconf 72' lang='grc' dir='ltr'><strong>ἡμῶν</strong></span> <span class='ocrx_word' id='word_1_282' title='bbox 859 4177 915 4238; x_wconf 84' lang='grc' dir='ltr'><strong>καί</strong></span> <span class='ocrx_word' id='word_1_283' title='bbox 939 4181 993 4237; x_wconf 87' lang='grc' dir='ltr'><strong>τοῦ</strong></span> <span class='ocrx_word' id='word_1_284' title='bbox 1017 4167 1174 4260; x_wconf 80' lang='grc' dir='ltr'><strong>ημετέροο</strong></span> <span class='ocrx_word' id='word_1_285' title='bbox 1194 4173 1287 4248; x_wconf 84' lang='grc' dir='ltr'><strong>λαοῦ,</strong></span> <span class='ocrx_word' id='word_1_286' title='bbox 1312 4172 1359 4237; x_wconf 81' lang='grc' dir='ltr'><strong>ἐτι</strong></span> <span class='ocrx_word' id='word_1_287' title='bbox 1383 4193 1417 4237; x_wconf 88' lang='grc' dir='ltr'><strong>τε</strong></span> <span class='ocrx_word' id='word_1_288' title='bbox 1443 4185 1510 4238; x_wconf 83' lang='grc' dir='ltr'><strong>τιῦν</strong></span> 
     </span>
     <span class='ocr_line' id='line_1_32' title="bbox 229 4291 1510 4382; baseline 0.005 -26"><span class='ocrx_word' id='word_1_289' title='bbox 229 4291 436 4378; x_wconf 84' lang='grc' dir='ltr'><strong>κληρονύμσιν</strong></span> <span class='ocrx_word' id='word_1_290' title='bbox 460 4291 518 4357; x_wconf 86' lang='grc' dir='ltr'><strong>καί</strong></span> <span class='ocrx_word' id='word_1_291' title='bbox 540 4294 701 4381; x_wconf 80' lang='grc' dir='ltr'><strong>διαδόχων</strong></span> <span class='ocrx_word' id='word_1_292' title='bbox 721 4291 811 4382; x_wconf 83' lang='grc' dir='ltr'><strong>ἡμῶν</strong></span> <span class='ocrx_word' id='word_1_293' title='bbox 833 4301 890 4361; x_wconf 87' lang='grc' dir='ltr'><strong>καί</strong></span> <span class='ocrx_word' id='word_1_294' title='bbox 906 4293 1002 4362; x_wconf 79' lang='grc' dir='ltr'><strong>αὐτοῦ</strong></span> <span class='ocrx_word' id='word_1_295' title='bbox 1027 4305 1081 4360; x_wconf 88' lang='grc' dir='ltr'><strong>τοῦ</strong></span> <span class='ocrx_word' id='word_1_296' title='bbox 1105 4305 1202 4382; x_wconf 87' lang='grc' dir='ltr'><strong>κοροῦ</strong></span> <span class='ocrx_word' id='word_1_297' title='bbox 1226 4297 1343 4371; x_wconf 87' lang='grc' dir='ltr'><strong>δοοκδς</strong></span> <span class='ocrx_word' id='word_1_298' title='bbox 1366 4299 1424 4360; x_wconf 88' lang='grc' dir='ltr'><strong>καί</strong></span> <span class='ocrx_word' id='word_1_299' title='bbox 1450 4309 1510 4363; x_wconf 85' lang='grc' dir='ltr'><strong>τοῦ</strong></span> 
     </span>
     <span class='ocr_line' id='line_1_33' title="bbox 229 4415 1509 4506; baseline 0.005 -27"><span class='ocrx_word' id='word_1_300' title='bbox 229 4421 420 4501; x_wconf 89' lang='grc' dir='ltr'><strong>κοομοονίοο</strong></span> <span class='ocrx_word' id='word_1_301' title='bbox 443 4415 590 4492; x_wconf 83' lang='grc' dir='ltr'><strong>Βενετίας</strong></span> <span class='ocrx_word' id='word_1_302' title='bbox 613 4421 668 4482; x_wconf 83' lang='grc' dir='ltr'><strong>καὶ</strong></span> <span class='ocrx_word' id='word_1_303' title='bbox 690 4423 814 4484; x_wconf 87' lang='grc' dir='ltr'><strong>πάντων</strong></span> <span class='ocrx_word' id='word_1_304' title='bbox 838 4429 897 4484; x_wconf 83' lang='grc' dir='ltr'><strong>τῶν</strong></span> <span class='ocrx_word' id='word_1_305' title='bbox 921 4415 1179 4506; x_wconf 82' lang='grc' dir='ltr'><strong>ύποτεταγμένοιν</strong></span> <span class='ocrx_word' id='word_1_306' title='bbox 1212 4415 1317 4495; x_wconf 75' lang='grc' dir='ltr'><strong>αὐτοῖς</strong></span> <span class='ocrx_word' id='word_1_307' title='bbox 1341 4421 1509 4506; x_wconf 76' lang='grc' dir='ltr'><strong>διαμενοῦ-</strong></span> 
     </span>
     <span class='ocr_line' id='line_1_34' title="bbox 231 4539 1511 4633; baseline 0.003 -27"><span class='ocrx_word' id='word_1_308' title='bbox 231 4557 278 4606; x_wconf 89' lang='grc' dir='ltr'><strong>σιν</strong></span> <span class='ocrx_word' id='word_1_309' title='bbox 306 4539 339 4606; x_wconf 85' lang='grc' dir='ltr'><strong>ἐν</strong></span> <span class='ocrx_word' id='word_1_310' title='bbox 365 4539 454 4629; x_wconf 88' lang='grc' dir='ltr'><strong>ἰσχύι</strong></span> <span class='ocrx_word' id='word_1_311' title='bbox 489 4545 544 4607; x_wconf 84' lang='grc' dir='ltr'><strong>καί</strong></span> <span class='ocrx_word' id='word_1_312' title='bbox 579 4541 669 4630; x_wconf 81' lang='grc' dir='ltr'><strong>άκμη</strong></span> <span class='ocrx_word' id='word_1_313' title='bbox 707 4543 867 4632; x_wconf 77' lang='grc' dir='ltr'><strong>εἰλικρινεῖ</strong></span> <span class='ocrx_word' id='word_1_314' title='bbox 904 4547 960 4609; x_wconf 84' lang='grc' dir='ltr'><strong>καί</strong></span> <span class='ocrx_word' id='word_1_315' title='bbox 997 4542 1130 4631; x_wconf 75' lang='grc' dir='ltr'><strong>ὁμονοία</strong></span> <span class='ocrx_word' id='word_1_316' title='bbox 1168 4547 1276 4632; x_wconf 81' lang='grc' dir='ltr'><strong>τρέβαι</strong></span> <span class='ocrx_word' id='word_1_317' title='bbox 1313 4542 1511 4633; x_wconf 82' lang='grc' dir='ltr'><strong>ύρείλοοσαι</strong></span> 
     </span>
     <span class='ocr_line' id='line_1_35' title="bbox 229 4663 1511 4756; baseline 0.008 -29"><span class='ocrx_word' id='word_1_318' title='bbox 229 4663 382 4749; x_wconf 78' lang='grc' dir='ltr'><strong>διαρκεῖν,</strong></span> <span class='ocrx_word' id='word_1_319' title='bbox 412 4665 610 4753; x_wconf 71' lang='grc' dir='ltr'><strong>στηρίξαντες</strong></span> <span class='ocrx_word' id='word_1_320' title='bbox 640 4671 696 4733; x_wconf 82' lang='grc' dir='ltr'><strong>καὶ</strong></span> <span class='ocrx_word' id='word_1_321' title='bbox 726 4669 926 4753; x_wconf 84' lang='grc' dir='ltr'><strong>βεβαιοῦντες</strong></span> <span class='ocrx_word' id='word_1_322' title='bbox 957 4671 1050 4755; x_wconf 77' lang='grc' dir='ltr'><strong>μεχρι</strong></span> <span class='ocrx_word' id='word_1_323' title='bbox 1081 4678 1137 4755; x_wconf 80' lang='grc' dir='ltr'><strong>τῆς</strong></span> <span class='ocrx_word' id='word_1_324' title='bbox 1168 4667 1339 4756; x_wconf 74' lang='grc' dir='ltr'><strong>εἰρημένης</strong></span> <span class='ocrx_word' id='word_1_325' title='bbox 1370 4670 1511 4756; x_wconf 81' lang='grc' dir='ltr'><strong>διωρίας</strong></span> 
     </span>
     <span class='ocr_line' id='line_1_36' title="bbox 229 4787 1509 4879; baseline 0.005 -29"><span class='ocrx_word' id='word_1_326' title='bbox 229 4791 335 4861; x_wconf 86' lang='grc' dir='ltr'><strong>πάσας</strong></span> <span class='ocrx_word' id='word_1_327' title='bbox 357 4793 414 4862; x_wconf 83' lang='grc' dir='ltr'><strong>τὰς</strong></span> <span class='ocrx_word' id='word_1_328' title='bbox 444 4791 672 4874; x_wconf 79' lang='grc' dir='ltr'><strong>παρελδούαας</strong></span> <span class='ocrx_word' id='word_1_329' title='bbox 695 4795 751 4855; x_wconf 83' lang='grc' dir='ltr'><strong>καί</strong></span> <span class='ocrx_word' id='word_1_330' title='bbox 779 4787 997 4866; x_wconf 88' lang='grc' dir='ltr'><strong>ἐκπνεοσάσας</strong></span> <span class='ocrx_word' id='word_1_331' title='bbox 1026 4793 1138 4879; x_wconf 78' lang='grc' dir='ltr'><strong>τρίβας</strong></span> <span class='ocrx_word' id='word_1_332' title='bbox 1171 4795 1251 4878; x_wconf 86' lang='grc' dir='ltr'><strong>μετά</strong></span> <span class='ocrx_word' id='word_1_333' title='bbox 1280 4795 1407 4858; x_wconf 81' lang='grc' dir='ltr'><strong>πάντων</strong></span> <span class='ocrx_word' id='word_1_334' title='bbox 1439 4804 1509 4860; x_wconf 74' lang='grc' dir='ltr'><strong>τῶν</strong></span> 
     </span>
    </p>
   </div>
   <div class='ocr_carea' id='block_1_5' title="bbox 0 0 1570 5268">
    <p class='ocr_par' dir='ltr' id='par_1_5' title="bbox 0 0 1570 5268">
     <span class='ocr_line' id='line_1_37' title="bbox 0 0 1570 5268; baseline 0 2"><span class='ocrx_word' id='word_1_335' title='bbox 0 0 1570 5268; x_wconf 95' lang='lat' dir='ltr'><strong> </strong></span> 
     </span>
    </p>
   </div>
  </div>
 </body>
</html>
