3132 5268
252 359 315 426 188

250 557 350 638 μένων
387 553 441 620 διὰ
480 561 572 618 τοῦτο
611 565 719 619 πασῶν
750 566 811 620 τῶν
850 553 1040 640 ἐλευθεριῶν
1075 579 1108 620 τε
1142 559 1198 620 καί
1232 567 1438 643 ρραγγισιῶν,
1483 557 1522 627 ἃς

250 677 362 762 ἔχουσι
384 681 440 742 καί
465 675 551 764 ἐχειν
575 675 754 766 ὀφείλουσιν
778 678 808 743 οί
829 678 992 746 Βενέτικοι
1019 681 1072 744 διά
1095 691 1155 745 τῶν
1178 681 1310 764 τρεβῶν,
1339 681 1522 746 κωλύσουσι

249 801 321 874 τούς
345 796 446 866 αὐτῶν
474 801 674 880 Βενετίκους,
703 800 784 868 ὥστε
814 808 908 890 μέχρι
939 813 992 891 της
1021 805 1275 892 σομπληρῶσεως
1306 809 1365 870 καί
1388 805 1522 890 διωρίας

249 935 308 990 τῶν
333 936 497 1011 παρουσῶν
526 927 643 1012 τρεβῶν
668 928 710 1013 μή
740 925 901 1012 ἀγοράσαι
928 925 1080 1014 όσπήτια,
1116 931 1243 1004 τόπους,
1271 929 1439 1014 περιβόλια
1463 933 1522 991 καί

247 1054 410 1138 κτήματα,
443 1050 699 1136 ἐναπορενόντων
730 1063 790 1118 τῶν
812 1062 866 1118 νῦν
890 1050 986 1118 όντων
1018 1051 1050 1118 ἐν
1074 1065 1141 1126 ταῖς
1176 1057 1269 1138 χερσί
1300 1063 1360 1118 τῶν
1387 1052 1520 1120 Βενετί-

246 1195 310 1238 ιιων
335 1179 415 1259 μετὰ
438 1185 498 1240 τῶν
522 1179 641 1261 τρόπων
666 1174 794 1242 ἐκείνων
817 1175 874 1242 καί
897 1187 957 1242 τῶν
980 1179 1223 1255 καταστάσεων,
1251 1174 1330 1242 καθ’
1355 1177 1394 1250 ἃς
1417 1181 1520 1242 κατέ·

246 1318 340 1385 χοοσι
364 1309 464 1366 ταῦτα
486 1305 570 1366 κατὰ
594 1305 629 1366 τό
652 1304 766 1388 παρόν,
796 1303 1080 1388 δηλοποιουμίνου,
1106 1301 1133 1366 εί
1156 1305 1211 1366 καί
1234 1305 1274 1366 τὰ
1299 1303 1439 1388 μάλιστα
1463 1303 1520 1366 διὰ

246 1434 307 1487 τῶν
342 1426 461 1510 τρεβῶν
496 1423 612 1499 ἱκανῶς
648 1423 714 1492 ἐστι
737 1427 844 1512 δῆλον,
868 1432 925 1491 καί
954 1423 991 1491 οὐ
1020 1427 1068 1490 δεί
1095 1424 1144 1490 ἐπί
1170 1427 1269 1492 πλείω
1304 1431 1520 1514 σαρηνίσεως,

175 1635 179 1646 Ι
247 1543 295 1612 ὅτι
318 1549 371 1612 διὰ
394 1549 450 1635 τήν
473 1548 638 1636 εἰρημένην
661 1555 817 1638 πρόφασιν
841 1547 976 1636 οὐδεμία
998 1553 1163 1638 καινότης,
1192 1551 1294 1626 δόσις,
1319 1554 1519 1635 κομμίρκιον

245 1671 264 1760 ή
295 1674 478 1762 ἐμφότευμα
513 1675 682 1762 δονήσεται
714 1673 899 1761 ἐπιτεθῆναι
930 1672 968 1739 δι’
999 1672 1088 1762 ἡμῶν
1116 1697 1149 1740 τε
1176 1679 1232 1740 καί
1260 1684 1315 1762 τής
1351 1676 1519 1758 βασιλείας

244 1794 332 1884 ήμῶν
356 1795 408 1862 ἐπί
431 1811 498 1872 ταῖς
521 1799 649 1876 οίκίαις,
674 1810 737 1872 τοῖς
760 1802 881 1876 τόποις,
906 1809 970 1872 τοῖς
993 1803 1134 1886 κτήμασι
1157 1803 1214 1864 καί
1236 1801 1429 1886 περιβολίοις
1454 1813 1519 1870 τοῖς

244 1930 295 1986 νίν
324 1918 411 1988 οὖσιν
440 1920 472 1987 ἐν
500 1934 567 1996 ταῖς
594 1927 685 2010 χερσί
713 1933 773 1988 τῶν
801 1921 990 2002 Βενετίκων,
1019 1921 1088 2012 ήιις
1115 1928 1266 2010 καινότης
1288 1923 1309 2012 ή
1334 1927 1433 2010 βάρος
1458 1926 1517 1988 δυ-

242 2049 372 2134 νήσεται
402 2045 563 2134 ἀνακόψαι
591 2047 636 2122 είς
666 2050 788 2135 βλάβην
816 2051 872 2114 καί
897 2053 1012 2136 ζημίαν
1036 2059 1096 2114 τῶν
1119 2049 1307 2116 Βενετίκων.
1333 2048 1381 2112 ἐτι
1404 2045 1516 2134 ἐπειδή

242 2167 332 2258 ἡμεῖς
360 2169 377 2236 ό
407 2173 556 2255 βασιλεός
589 2171 716 2259 είπομεν
744 2172 787 2258 τῷ
815 2172 968 2260 εἰρημένῳ
1004 2173 1155 2258 συνδίκιρ,
1192 2171 1422 2258 ἀποκρισιαρίιρ
1460 2177 1517 2236 καί

243 2295 413 2382 ἐπιτρόπῳ,
449 2295 498 2362 ὅτι
522 2297 555 2362 αἱ
576 2299 730 2384 πρόσοδοι
756 2302 813 2364 καί
836 2301 875 2362 τὰ
902 2301 1086 2382 κομμέρκια
1119 2293 1207 2384 ἡμῶν
1237 2297 1431 2381 βλάπτονται
1461 2298 1516 2360 διὰ

242 2422 407 2486 τὰπολλὰ
434 2423 609 2508 καπηλεία,
639 2419 718 2506 ἅπερ
746 2421 777 2486 οἱ
803 2421 966 2488 Βτνίτικοι
993 2429 1163 2507 κρατοῦσιν
1193 2419 1226 2486 ἐν
1253 2393 1516 2486 Κωνστοιντινου-

240 2547 343 2622 πόλει,
372 2551 428 2611 καί
452 2547 508 2632 τήν
537 2546 680 2632 μεγάλην
705 2543 857 2632 ἀμετρίαν
885 2553 939 2610 τοί
964 2545 1048 2610 οἴνου
1076 2553 1131 2610 τοῦ
1158 2545 1363 2630 πωλουμένου
1392 2543 1424 2608 ἐν
1453 2542 1514 2608 αδ·

240 2681 320 2748 τοίς,
348 2675 405 2734 καί
429 2667 476 2736 ότι
504 2671 558 2735 διά
581 2678 680 2735 ταῦτα
709 2668 872 2760 δρείλουσι
895 2672 1142 2756 προνοήσασθαι
1167 2673 1244 2754 πρός
1268 2679 1375 2745 τοῦτο,
1401 2673 1515 2735 τούτου

240 2798 350 2880 χάριν,
377 2766 404 2860 εί
427 2799 484 2860 καί
506 2799 545 2861 τὰ
569 2796 709 2880 μάλιστα
733 2797 786 2860 διὰ
810 2805 864 2860 τοῦ
889 2798 985 2860 τόπου
1008 2805 1067 2860 τῶν
1091 2797 1207 2881 τρεβῶν
1233 2797 1336 2872 ἔξεστι
1360 2809 1423 2869 τοῖς
1448 2797 1513 2862 Βε-

238 2923 373 2991 νετίκοις
407 2931 533 3004 κρατεῖν
567 2921 727 3008 καπηλεία
758 2924 843 2986 κατὰ
873 2924 976 2986 πάντα
1012 2917 1153 3006 ἀριθμόν
1178 2925 1234 2985 καί
1262 2919 1431 3005 ἀγοράζειν
1455 2923 1514 2985 καί

237 3043 350 3109 πωλεῖν
381 3041 576 3129 ἐλευθέρως,
610 3046 724 3118 καθὼς
749 3042 788 3110 ἀν
812 3045 1002 3128 βούλωνται,
1037 3040 1123 3130 ὅμως
1146 3042 1211 3129 όδῷ
1239 3048 1425 3129 κουρτεσίας
1453 3049 1513 3109 καί

237 3167 363 3256 ἀγάπης
387 3167 555 3256 ἐκρίναμεν
578 3173 726 3256 πρόνοιαν
749 3170 952 3257 ποιήσασθαι
975 3177 1085 3232 τοῦτον
1112 3170 1165 3232 τόν
1196 3173 1323 3254 τρόπον,
1360 3169 1511 3255 δηλονότι

235 3290 331 3380 μέχρι
361 3302 417 3380 τής
448 3295 578 3380 διωρίας
606 3304 666 3358 τῶν
693 3303 859 3380 παρουσῶν
891 3293 1008 3378 τρεβῶν
1037 3289 1306 3378 δπροειρημένος
1339 3299 1399 3377 κῶρ
1434 3293 1510 3367 δοδζ

233 3421 289 3482 καί
313 3419 348 3482 τδ
372 3419 560 3504 κουμοόνιον
584 3415 733 3490 Βενετίας
757 3418 917 3494 τάξουσιν,
951 3411 998 3480 ότι
1022 3415 1051 3480 οἱ
1074 3414 1236 3482 Βενέιικοι
1260 3410 1361 3480 αὐτῶν
1383 3413 1508 3491 έξουσιν

235 3543 267 3608 ἐν
294 3553 334 3628 τῇ
364 3541 696 3608 Κωνσταντινουπόλει
720 3543 894 3608 δεκαπέντε
931 3544 1025 3628 μόνον
1060 3541 1236 3629 καπηλεῖα,
1271 3549 1327 3608 καί
1353 3545 1393 3608 τὰ
1421 3540 1508 3606 ἄλλα

232 3669 335 3731 πάντα
358 3668 595 3754 παοθήσονται,
632 3665 664 3734 ἐν
688 3665 734 3740 οίς
758 3668 860 3754 δήπου
888 3672 1090 3752 τεταγμένοις
1113 3668 1301 3754 καπηλείοις
1324 3666 1355 3732 οἱ
1377 3666 1506 3734 Βενέτι-

233 3811 287 3854 κοι
311 3786 412 3856 αὐτῶν
436 3791 626 3878 δυνήσονται
648 3792 761 3856 πωλεῖν
786 3789 869 3858 οἶνον
891 3795 1037 3858 παντοῖον
1065 3803 1309 3865 κατακοπιικῶς
1333 3791 1366 3856 ἐν
1390 3791 1506 3880 οίαδή-

233 3935 308 3978 ποτε
330 3918 483 4002 ποσότητι
506 3920 603 4002 χωρίς
627 3937 710 3990 τινος
735 3918 865 4002 βάρους,
894 3913 1079 4001 νοουμένου,
1111 3911 1159 3980 ὅτι
1182 3917 1235 3981 διὰ
1258 3918 1314 4002 τήν
1338 3922 1506 3996 συγκατά-
1536 3945 1538 3948 ·

234 4043 325 4124 βασιν
353 4042 470 4127 ταότην
498 4036 535 4105 οὐ
564 4044 762 4128 νοηθήσεται
790 4041 843 4106 διὰ
872 4049 963 4106 τοῦτο
992 4037 1207 4106 ἐλαττοῦσθαι
1233 4039 1266 4106 ἐν
1290 4041 1333 4127 τῷ
1356 4041 1506 4128 μέλλοντι

231 4167 338 4250 χρόνῳ
366 4167 423 4238 τὰς
452 4162 639 4250 ἐλευθερίας
667 4169 724 4229 καί
747 4169 938 4252 φραγγισίας
973 4174 1033 4229 τῶν
1060 4162 1250 4242 Βενετίκων,
1286 4168 1401 4239 καθῶς
1439 4165 1506 4232 ἐστι

232 4290 366 4355 δίκαιον.
397 4289 444 4354 ἐτι
471 4292 569 4376 μέσον
596 4285 685 4376 ήμῶν
713 4311 746 4354 τε
775 4294 831 4354 καί
859 4297 914 4376 τῆς
943 4287 1108 4372 βασιλείας
1135 4284 1224 4375 ἡμῶν
1250 4293 1307 4355 καί
1335 4301 1390 4356 τοίι
1414 4291 1504 4380 εἰρη-

231 4411 325 4498 μένου
358 4422 455 4500 κυροῦ
492 4413 746 4501 ἀποκρισιαρίου,
784 4415 931 4480 συνδίκοο
965 4385 1021 4478 καί
1053 4409 1219 4499 ἐπιτρόπου
1254 4419 1365 4495 γέγονε
1401 4422 1503 4506 σαφὲς

231 4531 306 4621 ὑπὲρ
329 4545 385 4602 τοί
408 4547 515 4604 πᾶσαν
538 4535 731 4626 ἀμφιβολίαν
763 4536 989 4624 ἀναιρεθῆναι,
1024 4537 1185 4602 δόνασθαι
1214 4537 1286 4611 τούς
1313 4537 1502 4614 Βενετίκοος

229 4661 342 4726 πωλεῖν
380 4659 558 4748 ἐλευθέρως
593 4675 677 4728 σῖτον
713 4661 746 4726 ἐν
780 4666 873 4727 παντί
908 4659 998 4748 μέρει
1032 4665 1088 4728 καί
1122 4665 1207 4748 τόπιρ
1241 4672 1297 4749 της
1332 4665 1502 4747 βασιλείας

230 4781 334 4878 ἡμῶν,
362 4781 442 4852 ὅπου
465 4783 524 4854 οάκ
549 4787 617 4854 ἐστι
638 4791 845 4875 προσρόριον,
874 4790 1055 4874 σωζομένου
1084 4795 1138 4852 τοῦ
1163 4789 1204 4874 μή
1229 4790 1282 4854 τόν
1306 4800 1391 4856 σῖτον
1415 4788 1502 4856 ἐκεῖ·
