3148 5268
258 349 319 445 τοι

252 571 372 644 δύσεως
407 572 463 657 τήν
498 575 612 650 γωνίαν
647 580 701 636 τοῦ
731 571 921 650 Φωτύπλου,
958 571 1020 638 ἀπὸ
1049 573 1085 636 δὲ
1116 570 1274 659 ἀνατολῆς
1298 569 1426 658 ούργίας
1449 572 1520 635 δύο.

254 695 300 768 είς
324 702 400 774 γοῦν
423 695 478 781 τήν
506 698 705 761 τοπωθιίσαν
729 708 792 770 τοῖς
816 697 967 770 τοιούτοις
994 695 1175 771 Βτνετίκοις
1198 697 1345 782 περίοδον
1368 693 1520 784 ὀφείλου-

255 839 302 886 σιν
327 817 493 905 ἀναγεῖραι
517 819 693 906 ίκκλησίαν
716 823 772 884 καί
801 821 892 896 τάξαι
915 825 1059 908 φρερίους
1085 819 1117 884 ἐν
1142 815 1223 908 αύτη
1247 825 1358 906 τρόπον
1383 819 1417 884 δν
1442 821 1522 904 βού-

252 945 370 1022 λονται,
394 941 451 1008 καὶ
467 941 721 1030 ἀνοικοδομῆσαι
744 943 907 1030 οίκήματα
928 957 1062 1010 παντοία
1084 949 1141 1010 καί
1164 945 1303 1018 λιύντζαν
1320 947 1446 1032 συνήθη
1462 948 1523 1008 καὶ

255 1067 425 1150 ἀναγαγεῖν
448 1067 590 1134 ἐνταῦθα
614 1073 669 1134 καί
698 1070 872 1156 μπαῑοῦλον
900 1067 945 1142 είς
968 1073 1070 1155 κρίσιν
1094 1075 1150 1134 καί
1173 1067 1434 1136 ἀποκατάστασιν
1458 1081 1522 1135 των

252 1193 439 1272 Βενετίκων,
465 1192 594 1280 ἔχοντες
618 1193 691 1266 τούς
715 1195 841 1280 συνήθη
863 1193 1085 1280 πλατζιαρίους
1101 1197 1157 1259 καί
1172 1197 1211 1258 τὰ
1227 1195 1343 1258 τούτων
1361 1191 1521 1280 ἄρχοντό-

253 1317 356 1382 ποολα
379 1319 435 1382 καί
456 1317 657 1381 παιδύποολα
680 1319 764 1381 κατὰ
787 1317 842 1403 τήν
866 1327 922 1404 τῆς
937 1315 1109 1403 Ῥωμανίας
1126 1319 1308 1404 συνήθειαν,
1332 1321 1388 1382 καὶ
1403 1319 1521 1391 καθιδς

253 1443 373 1509 ίκείσεν
397 1438 414 1507 ύ
438 1451 579 1515 τοιοῦτος
608 1441 782 1528 μπαῐούλος
810 1443 1008 1508 πολιτεύεται
1036 1441 1079 1516 εἰς
1104 1441 1300 1530 ἀποσύβησιν
1323 1453 1378 1508 τού
1402 1441 1521 1508 ἀδίκου

253 1571 309 1632 καί
326 1564 561 1653 [ἐπαναγωγὴν]
580 1575 634 1631 τοῦ
650 1567 787 1630 δικαίου·
806 1574 897 1630 τοῦτο
914 1569 974 1651 γὰρ
998 1567 1036 1652 δή
1061 1569 1116 1631 καὶ
1138 1563 1159 1653 ἡ
1184 1567 1332 1650 βασιλεία
1350 1589 1410 1652 μου
1433 1571 1522 1632 κατὰ

254 1693 288 1755 τδ
312 1698 475 1776 προσηκον
496 1687 674 1764 ἀσπάζεται
696 1693 752 1753 καί
777 1685 984 1776 ἀποδίχεται,
1010 1687 1253 1771 δπεγκελεύεται
1278 1692 1314 1756 δὲ
1345 1695 1521 1756 καὶτοῦτο

253 1813 483 1902 κεφαλαιωδῶς
508 1813 602 1878 εἰπεῖν
624 1809 644 1900 ή
670 1813 819 1897 βασιλεία
843 1835 913 1898 μοο.
939 1810 992 1878 εἶτ’
1017 1811 1055 1878 ἂν
1078 1818 1164 1878 κατὰ
1187 1816 1242 1900 τήν
1265 1815 1380 1900 μεταξύ
1401 1817 1521 1900 ταύτης

255 1939 337 2020 [καί]
355 1945 410 2001 τού
432 1937 822 2024 μεγαλοπεριφανεστύτοο
843 1937 959 2010 δοοκδς
982 1933 1146 2015 Βενττίας,
1171 1947 1231 2004 των
1255 1937 1359 2002 ίκείσε
1384 1938 1520 2022 βουλευ-

253 2071 314 2126 τῶν
329 2065 385 2125 καί
408 2070 463 2125 τοῦ
488 2055 644 2146 ῥηθέντος
668 2055 909 2146 ἀποκρισιαρίου
925 2061 1089 2146 προβᾶσαν
1106 2061 1231 2159 φιλικήνΙ
1246 2059 1357 2126 ἕνωσιν
1372 2065 1429 2126 καὶ
1444 2063 1520 2126 δισί-

252 2188 345 2252 θτσιν
377 2183 460 2250 ἔνθα
486 2187 522 2249 τδ
545 2187 728 2250 θεύσωστον
751 2165 957 2273 ναοστύλημα
981 2194 1036 2272 τῆς
1060 2185 1225 2269 βασιλείας
1250 2207 1310 2271 μου
1332 2189 1388 2250 καί
1410 2183 1431 2273 ἡ
1456 2197 1521 2251 τῶν

252 2309 508 2396 Τραπεζουντίων
542 2309 765 2394 καραβόπλοια
793 2307 947 2396 ἐντύχωσι
981 2319 1045 2383 τοῖς
1079 2313 1246 2395 κατίργοις
1280 2313 1336 2374 καί
1370 2311 1520 2395 καραβο-

251 2437 374 2508 πλοίοις
395 2444 454 2499 τῶν
474 2435 620 2499 τοιούτων
636 2433 824 2511 Βενετίκων,
849 2432 967 2520 ἔχωσιν
992 2435 1024 2498 δν
1050 2437 1136 2520 μίσιμ
1158 2439 1310 2499 παντοίαν
1333 2439 1389 2500 καί
1411 2445 1522 2501 πᾶσαν

252 2560 411 2648 εἰρηνικήν
434 2565 631 2626 κατάστασιν
654 2563 710 2625 καί
733 2560 901 2648 φιλότητα,
929 2557 1067 2626 ἕκαστον
1092 2564 1187 2646 μίρος
1210 2559 1336 2644 ἑκάστῳ
1359 2581 1520 2648 παραχω-

252 2697 379 2774 ροῦντες
407 2690 442 2752 τδ
471 2685 683 2774 ἀνενύχλητύν
712 2709 745 2751 τε
773 2691 829 2751 καί
852 2681 991 2773 ήσοχον,
1021 2685 1066 2760 τίς
1094 2684 1351 2771 ἀποθεραπεοσιν
1376 2691 1433 2774 μὲν
1457 2699 1521 2752 τῶν

251 2811 436 2899 φιλούντων,
472 2808 652 2897 ἀποτροπήν
686 2809 722 2874 δὲ
756 2821 816 2875 τῶν
851 2811 1022 2896 μισούντων
1049 2809 1106 2876 καὶ
1141 2807 1346 2897 ἀποσύβησιν·
1382 2809 1430 2875 δτι
1465 2809 1520 2875 ἐν·

251 2939 358 3002 ταύθα
386 2933 440 3002 ἵνα
465 2937 711 3024 τηρηθήσωνται
733 2939 790 3001 καί
812 2935 1141 3024 διαφολαχθήσωνται
1162 2937 1248 3021 παρὰ
1272 2943 1326 3022 τής
1350 2935 1519 3018 βασιλείας

252 3083 312 3147 μου
339 3057 369 3124 οἱ
392 3068 528 3125 τοιοῦτοι
550 3058 715 3126 Βενὲτικοι
737 3063 793 3122 καί
816 3062 918 3123 πύντα
941 3062 980 3122 τὰ
1002 3063 1073 3144 περί
1098 3053 1202 3132 αύτοίς
1225 3065 1397 3146 πράγματα
1422 3056 1518 3125 ἀνεν-

250 3185 384 3272 ύχλητοι
411 3187 467 3248 καί
495 3182 805 3249 ἀκαταδοναστεοτοι
836 3180 897 3248 ἀπὸ
924 3186 1028 3248 ποίντα
1056 3180 1176 3270 ἐχθρὸν
1204 3187 1259 3248 καί
1287 3181 1426 3248 ἐναντίον
1455 3177 1518 3247 αδ-

250 3319 321 3374 τῶν.
344 3312 401 3373 καί
423 3304 444 3396 ἡ
469 3311 526 3394 μὲν
550 3308 606 3372 σύν
629 3305 697 3394 θεῷ
720 3309 868 3391 βασιλεία
892 3329 952 3393 μου
976 3309 1220 3394 τοιουτοτρύπως
1244 3308 1298 3372 διὰ
1322 3315 1376 3373 τοῦ
1399 3311 1517 3392 παρόν-

250 3455 304 3504 τος
327 3429 568 3518 χροσοβούλλοο
590 3430 688 3509 λύγου
716 3425 815 3517 αύτής
837 3432 1008 3516 διορίζεται
1030 3433 1086 3495 καί
1108 3431 1222 3514 βέβαια
1245 3431 1285 3518 δή
1309 3433 1365 3496 καί
1388 3427 1517 3516 ἀπαραί-

250 3557 397 3640 θραοστα
427 3557 466 3620 τὰ
496 3556 532 3620 δὲ
563 3553 754 3640 διωρισμένα
785 3557 932 3629 θεσπίζει
961 3555 1235 3643 διαφυλάττεσθαι
1263 3559 1357 3641 μίχρι
1386 3557 1516 3628 παντύς.

249 3676 326 3744 ύδέ
351 3699 387 3758 γε
412 3680 577 3767 τολμήσων
609 3677 805 3766 ἐμπυδισμδν
837 3679 951 3756 λιτάξαι
981 3682 1037 3744 καί
1066 3679 1282 3766 διενύχλησιν,
1317 3675 1425 3752 ύποῖος
1452 3677 1518 3764 ἄρα

249 3807 304 3868 καί
332 3801 396 3890 εἴη,
425 3800 521 3891 ύργήν
556 3805 685 3889 βαρείαν
710 3807 765 3868 καί
788 3803 945 3892 σφοδρὰν,
981 3801 1200 3890 ἀγανάκτησιν
1233 3807 1289 3869 καί
1316 3801 1516 3878 ίπεξίλεοσιν

249 3927 292 4002 ὥς
327 3927 458 4003 ἄπιστος
493 3925 706 4016 ύποστήσεται
738 3931 827 4015 παρὰ
853 3937 909 4015 τῆς
937 3927 1102 4012 βασιλείας
1126 3949 1186 4014 μου
1216 3937 1255 4015 τῇ
1280 3923 1435 4016 ίμφαντία
1458 3937 1515 3992 τοῦ

248 4057 404 4141 παρόντος
427 4053 666 4141 χρυσοβούλλου
693 4053 791 4133 λύγου
814 4063 869 4141 τῆς
894 4053 1058 4137 βασιλείας
1086 4074 1159 4140 μου,
1192 4048 1225 4117 ἐν
1249 4049 1274 4140 ᾧ
1295 4055 1352 4116 καί
1375 4053 1410 4116 τδ
1435 4054 1514 4116 ταύ-

249 4201 305 4266 της
339 4174 467 4264 εύσεβὲς
501 4181 557 4243 καί
591 4178 831 4265 θευπρύβλητον
864 4181 981 4265 κράτος
1016 4181 1055 4244 τὰ
1090 4179 1215 4266 συνήθη
1250 4179 1397 4264 συνήθως
1435 4173 1515 4242 ύπε-

250 4307 415 4392 σημήνατο
447 4305 533 4369 κατὰ
564 4303 617 4368 τὸν
643 4305 784 4389 παρύντα
812 4305 942 4389 μάρτιον
974 4312 1059 4390 μῆνα
1093 4305 1150 4367 καί
1184 4301 1210 4387 β’
1242 4300 1422 4367 ἰνδικτιωνα
1456 4311 1515 4366 του

245 4427 381 4516 ιςωοβ
404 4425 494 4500 ἔτους
517 4429 548 4507 †.
617 4501 621 4508 ,

335 4549 600 4637 ήἈλίζιος,
625 4547 668 4616 ἐν
694 4549 876 4638 Χριστῷ
902 4551 957 4638 τῷ
982 4549 1260 4638 θτῷπιστύς
1284 4549 1513 4635 βασιλεύς

248 4679 326 4740 καί
368 4671 671 4764 αύτοκράτωρ
712 4679 861 4762 πάσης
902 4674 1169 4764 Ἀνατολης,
1212 4673 1396 4763 Ἰβήρων
1433 4677 1515 4740 καὶ

248 4797 526 4888 Περατείας,
562 4796 579 4865 ύ
613 4803 759 4888 μίγας
792 4797 1037 4892 Κομνηνύς
1070 4801 1101 4890 †.
