3182 5264
1308 293 1363 354 vll

93 481 298 568 mgenterinm
329 480 450 551 meselli
479 482 659 552 ediliestum
686 483 867 552 elobenne
890 485 1082 574 lispsomsti.
1106 485 1148 552 eb
1171 483 1363 574 emplifiesto

93 605 237 692 prediolo
257 603 358 672 londo
378 613 410 674 et
430 625 539 674 uersus
554 605 749 676 oooidentem
765 614 798 675 st
812 625 921 676 umens
937 607 1097 674 meridiem
1117 605 1231 676 emboli
1247 607 1365 676 sendus

93 727 253 814 qnondam
279 723 530 796 habitaculorum
557 728 679 798 hebens
706 729 738 796 in
764 729 965 818 longitudine
992 730 1095 798 efine
1121 731 1365 820 prescriptorum

92 853 221 922 subitos
242 853 355 940 uiginti
375 854 516 943 quinque
535 865 568 924 et
585 875 697 924 versus
717 875 863 924 omasum
883 875 983 944 nsque
1006 865 1039 924 et
1061 855 1103 924 ed
1118 856 1212 924 linem
1228 855 1365 923 ambitus

71 1011 74 1020 ·
92 995 199 1042 eorum
214 977 332 1065 prioris
346 977 479 1060 emboli,
500 975 626 1047 scilieet
645 997 745 1066 usqne
761 977 803 1046 sd
818 977 1032 1047 bsbiteoulum
1047 977 1175 1048 Petrioii
1190 977 1364 1046 lbeodosii

92 1101 219 1168 cubitos
238 1103 405 1188 sexaginte
427 1103 568 1190 quinque
591 1112 623 1170 et
643 1103 675 1170 in
698 1103 867 1172 latitudine
888 1103 1046 1172 eoomnni
1067 1103 1191 1172 embolo
1207 1112 1239 1170 et
1253 1123 1364 1172 versus

90 1223 255 1292 meridiem
269 1245 380 1292 uersus
395 1233 514 1315 purtem
531 1225 705 1296 oeoidontis
725 1227 866 1316 quidem,
889 1227 1038 1296 videlieet
1052 1227 1225 1296 seeundum
1241 1225 1365 1315 equoli-

89 1358 186 1416 tstem
200 1349 331 1416 Petricii
351 1347 523 1418 Theodosii
539 1351 664 1420 subitos
678 1371 790 1420 nouem
810 1359 843 1418 et
862 1350 1041 1434 dimidium,
1063 1369 1159 1440 snper
1179 1349 1313 1418 eundern
1333 1359 1366 1417 et

90 1475 306 1544 hubitsoulnm
329 1475 482 1566 dipegnm
502 1474 669 1546 deeliniter
694 1477 836 1554 suillibus,
858 1477 1039 1546 ediscerem
1061 1477 1104 1546 eb
1125 1475 1365 1545 Aseutburierio

90 1597 244 1674 unhul,
269 1617 379 1668 versus
393 1601 544 1670 orientem
564 1621 637 1670 vero
653 1623 672 1668 e
688 1619 774 1670 muro
790 1601 966 1670 sustinente
982 1601 1167 1670 hebiteoule
1181 1599 1363 1668 monosterii

89 1722 193 1810 Ypsili
210 1733 243 1792 et
258 1743 358 1811 usque
374 1723 416 1790 ad
431 1725 595 1814 puplicum
611 1725 766 1794 embolum
782 1725 907 1792 cubitos
922 1725 1041 1793 decem.
1058 1745 1097 1792 er
1113 1725 1178 1791 elie
1192 1731 1284 1812 perte
1298 1743 1376 1822 ems

88 1845 154 1914 boli
182 1865 294 1914 versus
320 1847 566 1936 septentrionem
590 1855 622 1916 et
642 1847 817 1916 secundnm
840 1847 1042 1936 equslitstem
1070 1847 1194 1930 semite,
1226 1867 1290 1934 qne
1315 1855 1365 1914 est

87 1967 380 2050 immorientem,
404 1979 512 2038 contre
526 1971 705 2060 prediotnm
724 1991 846 2038 murum
862 1971 1086 2039 cementioeum
1101 1971 1184 2037 elius
1199 1991 1306 2036 murus
1321 1969 1363 2036 de

87 2093 215 2160 eeloins
228 2093 391 2162 leterieius
407 2113 476 2162 com
493 2095 619 2162 eeloine
634 2103 841 2177 constructus,
865 2095 1037 2184 incipiente
1053 2094 1150 2162 fundo
1165 2113 1276 2161 uersos
1290 2113 1364 2182 psr-

88 2228 149 2284 tem
170 2217 396 2306 septentrionis
417 2219 571 2288 existente
592 2219 721 2302 emboli,
747 2219 833 2308 qued
853 2219 1033 2288 ertenditur
1051 2221 1092 2288 sb
1113 2219 1184 2308 ipso
1206 2239 1292 2286 muro
1308 2237 1360 2286 ee-

87 2341 243 2408 mentiseo
258 2352 406 2429 eiusque
422 2341 463 2410 od
479 2344 631 2427 semitem,
649 2365 710 2432 que
725 2353 774 2412 est
789 2361 899 2413 versus
921 2344 1070 2412 orientem
1091 2352 1123 2410 et
1141 2360 1252 2410 versus
1276 2339 1360 2410 neei-

86 2465 229 2548 dentem,
246 2485 347 2553 usqne
362 2467 406 2534 od
421 2465 649 2534 oeeidontslem
665 2467 822 2546 seminem,
844 2487 903 2556 per
920 2487 1003 2556 qnss
1022 2466 1219 2534 mensionem
1233 2466 1363 2556 pensio-

87 2589 171 2656 nerii
185 2591 368 2658 monosterii
380 2589 648 2678 Apologotbeteu‚
665 2591 816 2658 videlieet
829 2589 993 2658 remilioes.
1010 2609 1120 2658 vorsus
1137 2589 1294 2658 embolum
1308 2609 1362 2656 on·

86 2715 174 2784 bites
192 2715 367 2802 nonsgints
387 2735 483 2784 unum
504 2723 535 2782 ot
554 2716 587 2783 in
602 2715 771 2784 latitudine
787 2737 807 2783 e
821 2716 952 2806 puplico
975 2712 1099 2782 embolo
1115 2723 1147 2782 et
1161 2735 1271 2782 rerem
1287 2733 1361 2804 sep·

85 2841 274 2909 tentrionem
295 2839 421 2908 enbitos
448 2841 623 2908 dnodeoim.
652 2840 685 2907 in
706 2840 816 2910 eodem
838 2840 937 2908 fundo
956 2841 1105 2908 inuentus
1125 2847 1174 2907 est
1194 2849 1227 2908 et
1245 2847 1361 2928 puteus

86 2985 160 3032 oum
175 2983 229 3032 ore
244 2983 418 3032 marmoreo
429 2965 566 3054 desuper
582 2963 670 3034 etde
686 2964 812 3032 oemuni
827 2965 936 3052 lepido
952 2963 993 3032 de
1007 2973 1130 3054 suptus.
1148 2963 1243 3034 debet
1257 2971 1361 3032 entem

86 3089 208 3158 serusri
224 3097 257 3156 et
276 3089 388 3156 iterum
405 3089 516 3158 eedem
532 3090 645 3158 semite
662 3097 695 3156 nt
709 3090 812 3179 prius,
836 3097 963 3179 propter
977 3089 1150 3158 transitum.
1174 3109 1236 3176 que
1256 3097 1360 3154 entem

86 3233 172 3280 nune
194 3212 314 3280 deusto
334 3222 408 3282 sunt
428 3214 476 3280 eis
495 3213 691 3296 hobimeule,
717 3213 837 3281 hebent
862 3213 924 3280 sio:
949 3227 1063 3280 versus
1083 3211 1247 3279 meridiem
1269 3209 1361 3278 fundi

87 3337 181 3405 renni
196 3337 288 3426 prins
303 3337 413 3426 scripti
429 3345 462 3406 et
476 3337 651 3406 seeundum
667 3337 868 3426 equalitatem
890 3357 1001 3404 versus
1022 3337 1172 3404 orientem
1192 3334 1284 3404 sellis
1303 3336 1361 3403 do·

85 3481 156 3528 mus
171 3461 356 3529 monosterii
370 3460 635 3549 Apologotbeton
660 3459 809 3530 videlieet
823 3459 947 3542 modici,
966 3459 1181 3528 bebimeulom
1196 3459 1361 3548 superoin·

85 3585 186 3653 ierum
202 3584 335 3652 duorum
350 3579 535 3652 solariorum
551 3603 607 3674 per
622 3585 802 3652 oubieulnm
817 3605 888 3652 enm
904 3593 936 3652 et
947 3584 1061 3652 solorio
1078 3601 1188 3652 versus
1200 3584 1360 3665 orientem,

86 3707 336 3796 septentrionem
360 3717 392 3775 et
414 3707 578 3776 meridiem
600 3729 639 3777 er
662 3707 788 3775 dusbns
810 3705 956 3796 pertibus
982 3716 1015 3774 et
1037 3705 1204 3774 deeliuiter
1226 3705 1360 3778 stillans.

86 3841 300 3902 sustentetum
315 3833 433 3919 ligneis
448 3832 635 3922 columpnis,
652 3831 893 3920 circumseptum
908 3831 1028 3900 tubulis
1042 3831 1154 3914 sectis,
1171 3851 1234 3920 que
1249 3829 1363 3896 dionu-

86 3967 139 4025 tur
154 3956 321 4026 mendosis
334 3964 368 4026 et
381 3977 451 4025 enm
467 3957 615 4026 fenestris
631 3965 662 4025 et
681 3957 896 4046 pauimentum
918 3957 958 4023 de
977 3956 1095 4024 tebolis
1115 3975 1259 4043 quereus.
1279 3953 1362 4020 inie-

88 4081 157 4150 ruis
172 4081 269 4149 buius
284 4078 421 4150 medium
437 4081 650 4170 pauimentum
673 4089 883 4148 sustentetum
899 4086 931 4148 et
945 4079 1026 4146 illud
1041 4079 1158 4165 ligneis
1173 4077 1360 4166 columpnis,

87 4209 333 4294 eirennseptnm
355 4206 512 4274 similibus
527 4206 646 4274 tebulis
663 4217 695 4273 et
710 4225 779 4272 oum
795 4204 885 4271 ostiis
900 4214 932 4272 et
947 4205 1161 4292 pauimentum
1175 4203 1362 4278 tabulatum.

87 4353 200 4402 versus
223 4329 420 4400 ooeidentem
443 4329 540 4397 huius
567 4339 599 4398 et
621 4329 794 4398 secundum
818 4329 1019 4416 equolitstom
1042 4327 1138 4396 medii
1162 4328 1269 4396 solerii
1292 4327 1362 4396 sele

87 4456 308 4545 seperoinlere
324 4455 366 4522 ed
382 4453 562 4522 bsbitoonle
582 4452 660 4536 dno,
685 4461 861 4520 somniate
881 4453 998 4540 ligneis
1014 4452 1204 4540 solempnis,
1229 4452 1362 4519 oiroum-

88 4588 182 4670 septe
203 4578 365 4647 similibus
385 4577 503 4648 tebulis
523 4585 556 4645 et
574 4597 644 4645 enm
663 4576 782 4657 iennis,
808 4575 1022 4663 pauimentum
1042 4576 1215 4644 tebuletum
1237 4595 1306 4642 oum
1332 4583 1364 4643 et

91 4725 203 4774 tersus
222 4703 469 4792 septentrionem
485 4703 601 4771 solerie
622 4723 659 4770 ex
675 4701 801 4770 duobus
822 4701 966 4790 pertibus
983 4710 1014 4770 et
1030 4700 1195 4771 deoliuiter
1211 4701 1360 4781 stillento,
