3182 5264
1282 385 1327 450 39

70 577 117 636 ταί
139 577 212 658 τέση
236 576 336 659 ζημία
359 578 416 638 καί
440 571 549 660 ἀτιμία
573 587 612 662 τη
636 577 784 660 βασιλεία
808 598 869 661 μου
892 581 948 640 καί
972 587 1011 664 τῇ
1036 573 1195 662 Ῥωμανίφ
1215 575 1252 642 ἐκ
1270 587 1324 642 τοῦ

70 703 168 774 γένους
188 693 272 782 ὑμῶν
295 703 513 784 προσεγένετο·
538 696 608 764 ἀλλ’
632 697 652 786 ή
677 701 825 810 βασιλεία
849 723 910 786 μου
933 705 990 766 καί
1014 709 1124 778 ταῦτα,
1149 709 1204 768 τοῦ
1219 705 1325 788 πράγ-

68 845 159 906 ματος
176 824 317 906 μεγάλου
340 820 430 896 ὄντος
454 829 510 888 καὶ
534 825 677 911 μεγάλης
698 823 894 912 ἐκδικήσεως
911 827 1074 912 δεομένου,
1091 828 1324 914 φιλανθρώπως

67 953 154 1032 μέχρι
179 947 233 1012 καὶ
261 957 314 1012 νυν
344 946 502 1036 ἀνέχεται,
524 953 580 1014 καί
608 949 636 1013 εί
662 953 719 1014 καί
742 948 828 1036 εἶχεν
859 948 928 1016 ἀντὶ
955 961 1014 1016 τῶν
1039 955 1221 1038 σφαγέντων
1244 947 1324 1018 Ῥω·

67 1079 158 1156 μαίων
179 1075 305 1148 πλείους
328 1072 513 1148 Γεννουΐτας
538 1073 779 1142 ἀνταποκτεῖναι
814 1079 869 1140 καί
892 1074 1066 1150 Πισσαίοσς
1093 1080 1150 1140 καί
1174 1073 1244 1142 ἀντὶ
1266 1087 1326 1140 τῶν

67 1197 291 1282 ἀφαιρεθέντων
325 1203 518 1284 πραγμάτων
551 1199 780 1264 πολλαπλάσια
814 1201 936 1282 λαβεῖν,
973 1198 1122 1275 ἐκδιῶξαί
1157 1222 1189 1263 τε
1218 1201 1326 1266 τέλεον

65 1331 116 1384 τιῖν
139 1329 191 1406 της
215 1320 389 1406 Ῥωμανίας
413 1320 505 1408 ὁρίων
529 1321 623 1411 ἄμφω
648 1327 842 1390 τὰτοιαῦτα
869 1327 960 1410 γένη,
990 1319 1075 1409 ὅμως
1104 1320 1238 1412 ήνέχετο
1265 1328 1323 1390 καί

65 1444 155 1548 εἰσέτι.
179 1444 347 1534 ἀνέχεται,
377 1445 414 1512 ἂν
444 1447 564 1534 εἴδησιν
593 1450 695 1514 δοῦσα
724 1459 762 1534 τή
790 1445 928 1534 ὑμετέρα
956 1453 1079 1514 συνέσει
1103 1446 1267 1536 ἐκδίκησιν
1292 1446 1324 1522 ἐξ

64 1566 155 1655 αὐτῆς
180 1572 275 1654 λάβοι
303 1573 357 1657 τήν
385 1551 610 1660 προσήκουσαν
639 1577 695 1636 καί
723 1571 871 1638 ἱκάνωσεν
899 1583 959 1637 τῶν
982 1578 1176 1660 πραγμάτων
1204 1584 1263 1638 τῶν
1292 1593 1327 1640 τε

64 1707 300 1778 πραγματευτιῖιν
327 1701 383 1761 καί
411 1707 470 1760 τοῖν
500 1706 555 1780 τής
585 1697 749 1778 βασιλείας
779 1719 840 1782 μου
868 1700 926 1760 καί
948 1693 1051 1762 αδτιίιν
1080 1707 1139 1762 τῶν
1161 1701 1248 1782 πάρά
1272 1705 1327 1762 τοῦ

65 1821 229 1884 σοολτάνου
257 1830 313 1908 τής
340 1821 502 1900 Αἰγύπτου
531 1822 707 1886 σταλέντων
730 1833 770 1908 τη
795 1821 945 1904 βασιλεία,
967 1843 1043 1906 μου,
1068 1821 1089 1886 ά
1112 1825 1168 1886 καί
1189 1831 1327 1888 ποσοῖν-

65 1966 120 2019 ται,
149 1947 186 2008 τά
214 1949 272 2029 μὲν
301 1953 357 2030 της
386 1947 551 2028 βασιλείας
580 1967 640 2031 μου
665 1945 710 2018 είς
733 1949 915 2030 νομίσματα
938 1941 1098 2031 ὁπέρπυρα
1122 1944 1324 2032 ἑξακισχίλια

65 2069 206 2142 ἑξακόσια
230 2069 454 2157 ἑβδομήκοντα
478 2075 583 2150 πέντε,
613 2075 653 2136 τά
676 2073 711 2136 δέ
737 2082 791 2138 τοῦ
817 2072 1170 2158 μεγαλεπιφανεστάτοο
1192 2075 1250 2138 καί
1273 2071 1323 2136 οί-

63 2197 140 2257 ιείοο
156 2206 194 2280 τῇ
211 2196 359 2279 βασιλεία
380 2217 440 2280 μου
464 2205 583 2280 μυστοῖι
607 2195 652 2270 είς
676 2191 837 2281 δπέρπυρα
861 2193 1052 2276 ἐκτακόσια,
1077 2199 1117 2260 τὰ
1141 2205 1200 2260 τιῖν
1216 2216 1320 2281 πραγ-

64 2329 214 2400 ματεοτῐον
239 2319 283 2392 εἰς
307 2319 457 2404 χιλιάδας
486 2317 665 2404 δπερπάρων
694 2325 864 2406 τρίακοντα
888 2317 991 2398 ἐννέα,
1016 2325 1197 2406 νομίσματα
1225 2315 1322 2405 ὅμοια

64 2441 169 2510 έιιιιτόν
191 2443 400 2530 ἐννενήκοντα
424 2450 502 2529 τρία,
528 2455 583 2510 τοῦ
606 2447 823 2532 περιποθήτου
849 2441 1049 2542 αι’)ταδέλφου
1077 2455 1132 2532 τής
1157 2445 1323 2530 βασιλείας

64 2592 123 2652 μου,
148 2580 202 2634 τοῦ
226 2575 521 2656 πανευτυχεστάτυυ
545 2571 840 2655 σεβαστυκράτυρος
864 2579 962 2655 κυροῖ
990 2567 1142 2648 Ἀλεξίου,
1168 2569 1212 2642 τίς
1233 2564 1323 2654 ὑπερ-

62 2697 151 2778 αίρων
181 2697 332 2781 χιλιάδας
360 2698 566 2782 πεντήκοντα,
596 2691 638 2768 ὡς
662 2693 742 2760 εἶναι
766 2691 846 2780 ὁμοῖν
870 2699 909 2759 τὰ
934 2691 995 2760 ὅλα
1019 2695 1170 2782 χιλιάδας
1187 2689 1322 2780 δπερπδ·

63 2842 113 2900 ρων
140 2817 347 2904 ἐννενήκοντα
375 2821 422 2897 ἐξ,
451 2823 632 2906 νομίσματα
660 2815 757 2906 ὅμοια
778 2823 975 2884 πεντακόσια
999 2815 1154 2905 ἐξήκοντα
1178 2819 1221 2898 ἐξ,
1246 2817 1322 2884 ἄνευ

63 2953 111 3006 τιῖν
140 2947 182 3029 μή
211 2945 421 3030 δηλωθέντων
438 2943 470 3008 ἐν
497 2945 540 3029 τῷ
566 2947 776 3030 σημεισίματι,
804 2941 847 3017 ὣς
878 2953 938 3009 τιῖν
972 2941 1111 3030 ἐχόντων
1147 2937 1229 3008 αδτὰ
1260 2953 1321 3007 των

63 3071 110 3148 μὲν
132 3071 326 3154 σφαγέντων,
351 3079 410 3132 τῶν
426 3069 461 3132 δὲ
486 3069 765 3154 κατασχεθέντων,
789 3070 845 3132 καί
869 3065 943 3132 ἄνευ
967 3077 1027 3132 των
1050 3069 1128 3152 πρὸς
1152 3068 1206 3152 τήν
1230 3067 1322 3150 βασι·

63 3193 137 3257 λείαν
161 3215 223 3278 μου
245 3197 332 3278 παρὰ
355 3201 411 3257 τοῦ
434 3191 659 3280 Σαλαχατίνου
682 3194 859 3256 σταλέντων
881 3195 1013 3280 φαρέων,
1038 3193 1213 3270 ξυλαλοεῖν,
1239 3191 1321 3274 βαλ-

63 3319 246 3401 σομελαίου,
282 3316 491 3402 ἀμπαράτων,
527 3318 695 3400 βλαττίιυν,
732 3317 949 3404 σελοχαλίνειν
978 3326 1104 3403 χρυσῶν
1138 3315 1322 3382 εἰκοσιεπτὰ

64 3447 130 3524 μετὰ
158 3445 315 3527 λιθαρίων
343 3446 399 3506 καί
427 3445 671 3527 μαργαριτάρων
700 3445 756 3506 καί
779 3451 839 3505 τιῖν
862 3449 917 3506 τοῦ
941 3439 1164 3527 Σαλαχατίνου
1186 3445 1247 3506 καίΙ
1267 3449 1321 3506 τοῦ

65 3565 298 3654 ἀτοκρισιαρίου
337 3565 435 3632 αὐτοῦ
472 3571 528 3632 καί
566 3565 678 3652 ἐτέρων
723 3565 834 3632 ίδικῶν
871 3572 1073 3652 πραγμάτων.
1114 3565 1323 3634 ἀναδιδάσκει

64 3701 126 3768 γοιῖν
159 3701 261 3758 ταῦτα
296 3688 379 3777 δμάς
402 3687 422 3778 ή
447 3691 595 3774 βασιλεία
630 3712 700 3776 μου,
724 3693 780 3755 καί
814 3689 953 3776 ἐπιζητεῖ
982 3689 1016 3766 ἐξ
1044 3686 1128 3777 ὑμῶν
1157 3695 1242 3757 κατά
1266 3693 1321 3778 τήν

64 3821 233 3904 συμφωνίαν
266 3813 354 3901 ὑμῶν
388 3819 444 3902 τήν
475 3838 508 3879 τε
537 3813 587 3880 ἐπέ
617 3827 682 3888 τοῖς
711 3813 959 3880 ἀποκτανθεῖσιν
988 3813 1154 3900 ἐκδίκησιν
1182 3819 1238 3880 καί
1266 3816 1321 3901 τήν

64 3951 111 4004 τιῖν
141 3944 336 4026 πραγμάτων
370 3943 494 4004 πάντων
529 3938 689 4004 ίκάνωσιν·
730 3939 757 4002 εί
792 3940 827 4002 δέ
863 3941 907 4025 μή
942 3937 1182 4027 ἱκανωθήσεται
1221 3947 1321 4004 ταῦτα

62 4070 149 4130 πάντα
179 4063 242 4130 ἀπὸ
272 4075 331 4130 τῶν
360 4063 392 4129 ἐν
420 4077 459 4151 τή
482 4063 708 4142 Μεγαλοπόλει
741 4065 1002 4148 παρευριθέντων
1033 4063 1235 4134 Γεννουῖτιῖν,
1265 4062 1319 4136 οδς

64 4191 87 4254 ἐν
112 4191 281 4276 ἐλευθερίη
309 4195 404 4276 μέχρι
426 4193 482 4252 καί
506 4197 558 4254 νῦν
586 4193 642 4254 καί
666 4187 700 4253 ἐν
722 4193 811 4274 πάση
836 4187 930 4274 ἐδείη
953 4190 1158 4278 διαφυλάττει
1180 4186 1201 4277 ή
1226 4192 1320 4274 βασι-

62 4315 120 4379 λεία
143 4337 205 4402 μου
228 4311 284 4378 καὶ
314 4311 347 4378 ἐν
375 4317 573 4398 κατασχέσει
601 4323 660 4378 τῶν
684 4312 909 4398 δεδωρημένων
941 4325 980 4401 τη
1003 4312 1142 4398 Γεννυίιφ
1165 4313 1320 4400 ἀκινήτων

63 4439 135 4516 ἐντὸς
173 4451 228 4527 τῆς
262 4439 519 4520 Μεγαλοπόλεως
543 4434 651 4516 ὄντας,
675 4438 830 4524 διατηρεῖ
867 4441 966 4524 μόνας
1005 4443 1061 4512 τὰς
1099 4446 1321 4526 πραγματείας

64 4563 149 4634 αιἰτιῖν
179 4568 213 4631 έν
242 4565 381 4654 ἀσφαλεῖ
402 4567 540 4652 θεμένη,
569 4561 649 4629 ὥστε
672 4561 744 4650 παρ’
768 4563 872 4628 αὐτῶν
888 4564 1134 4645 διαπωλιῖσθαι,
1151 4567 1264 4640 καθείς
1281 4563 1319 4631 ἀν

64 4689 138 4757 αιἰτοί
160 4697 217 4758 καί
239 4695 318 4779 πρὸς
342 4689 396 4765 οδς
422 4691 607 4776 βούλωνται,
630 4695 686 4754 καί
710 4693 745 4754 τά
769 4693 891 4775 τίμημα
915 4691 1031 4756 τούτων
1056 4690 1319 4771 έναποτίθεσθαι,

64 4813 153 4890 δςάν
179 4818 209 4883 τί
232 4819 275 4905 μή
300 4819 423 4904 φροντίς
446 4827 485 4903 τη
509 4811 645 4903 ὑμετέρα
667 4819 758 4902 χωρφ
786 4819 908 4895 γένοιτο
940 4823 997 4904 τῆς
1032 4813 1240 4906 ὀφειλομένης
1269 4813 1319 4880 έπί
