3182 5264
1301 355 1342 424 1⁷

79 555 238 638 βασιλείαν
262 579 324 642 μου
347 561 403 622 καί
426 558 499 633 τούς
526 557 745 646 κληρονόμους
773 553 829 622 καί
856 555 1030 644 διαδόχους
1058 551 1155 642 αύτῆς
1185 559 1242 622 καί
1264 557 1342 642 πρὸς

78 675 168 766 αύτίγν
191 680 249 766 την
270 678 450 767 Ῥωμανίαν
472 685 575 747 πίστιν
598 683 653 746 καί
676 681 825 746 δουλείαν
850 691 989 768 σοντηρη
1013 681 1049 744 τύ
1076 681 1215 766 κόστρον
1243 683 1299 744 καί
1322 675 1342 766 ἡ

77 809 163 891 χώρα
199 814 255 892 τῆς
290 803 415 894 Πίασης
449 805 506 872 καί
541 802 617 870 αύτό
653 809 687 872 τό
715 809 824 871 κοινόν
856 803 954 894 αὐτῆς
989 803 1261 892 ἀπαρύθραυστυν
1289 805 1345 870 καί

78 925 280 1012 ἀκολύβωτον
303 934 388 994 κατὰ
411 930 466 1017 την
489 933 577 1016 παρὰ
593 939 654 996 τών
670 927 959 1016 ἀναγεγραμμένων
977 926 1225 1016 ἀπυκρισιαρίων
1243 925 1344 994 αύτών

76 1057 241 1133 γεγονυίαν
277 1053 438 1143 ἔγγραφον
473 1061 654 1145 συμφωνίαν
689 1057 745 1142 τὴν
768 1058 823 1120 καί
848 1053 993 1140 ἀνωτέρω
1026 1051 1266 1142 ἀναταχθείααν
1289 1055 1345 1120 καί

75 1181 159 1262 παρὰ
188 1185 244 1242 τού
272 1175 478 1254 έέυυσιαστοό
507 1187 561 1244 τού
588 1181 729 1266 κύστρου
757 1181 813 1244 καί
840 1187 897 1264 τῆς
925 1183 1033 1266 χώρας
1061 1188 1117 1266 τῆς
1144 1177 1267 1266 Πίσσης
1290 1181 1346 1243 καί

76 1311 132 1364 τών
154 1306 333 1387 προκρίτων
357 1301 520 1368 Πισσαίων
543 1305 599 1367 καί
621 1306 739 1376 παντός
762 1309 817 1367 τού
840 1301 1055 1390 πληρώματος
1077 1299 1202 1390 Πίσσης
1226 1300 1344 1390 έπομο·

76 1425 173 1510 θῆναι
198 1422 389 1514 όφείλουσαν
413 1423 544 1492 ύνώπιον
567 1436 628 1491 τών
651 1424 697 1492 ἀπ’
723 1423 807 1513 αύτῷ
829 1427 929 1512 τούτῳ
953 1423 1264 1514 ἀποσταλησομένων
1290 1425 1346 1493 ἀν-

53 1551 210 1634 Ιθρώπιυν
245 1557 300 1636 τῆς
337 1549 503 1634 βασιλείας
538 1571 599 1636 μου
626 1553 683 1615 καί
708 1547 787 1615 καθ’
809 1547 948 1614 έκαστον
976 1547 1117 1615 ίνιαυτόν
1141 1547 1345 1626 ἀνακαινίζε-

76 1674 166 1750 σθαι,
190 1675 305 1746 καθώς
327 1673 439 1748 ίδικώς
462 1677 501 1738 τά
523 1677 592 1760 περί
617 1683 672 1740 τού
696 1676 838 1738 τοιούτου
867 1673 1045 1762 κεφαλαίου
1074 1677 1346 1764 συνεφωνήθησαν

74 1798 152 1880 πρός
174 1799 227 1861 τόν
252 1793 401 1883 ἀοίδιμον
433 1797 570 1880 βασιλέα
597 1801 653 1863 καί
680 1801 769 1862 θεῖον
800 1807 855 1884 τῆς
883 1799 1051 1882 βασιλείας
1075 1821 1135 1885 μου
1158 1807 1247 1884 κύριν
1270 1795 1344 1864 Μα-

76 1922 182 2007 νοοηλ,
207 1917 426 1986 ἀπολαύσουσι
454 1921 490 1986 δέ
519 1925 575 1988 καί
598 1929 655 2008 τῆς
684 1921 888 1999 ύξκυοσσείας
910 1925 1016 2010 πόσης
1039 1931 1096 2009 τῆς
1121 1921 1154 1988 έν
1178 1931 1241 1996 τοῖς
1265 1920 1346 1986 ἀνα·

76 2046 226 2131 ταχθεῖσι
253 2043 325 2111 δυσὶ
352 2045 605 2131 χρυσοβοώλλυις
633 2045 941 2134 ἐμπεριειλημμένης
969 2052 1040 2131 περί
1064 2067 1096 2111 τε
1120 2055 1175 2110 τοῦ
1199 2067 1354 2132 κομμερ·1

75 2175 148 2233 κίου
169 2172 226 2234 καί
250 2177 310 2234 τών
334 2171 452 2235 λοιπών
474 2161 598 2235 πάντων
620 2171 803 2258 κεφαλαίων
824 2181 884 2234 τών
908 2167 941 2234 έν
970 2166 1075 2244 αύτοῐς
1102 2175 1345 2258 περιεχομένων,

74 2294 335 2378 καταβάλλοντες
369 2295 415 2368 είς
449 2297 488 2358 τά
522 2291 637 2358 ίκατόν
672 2299 813 2380 τέσσαρα
841 2293 876 2358 έν
903 2315 936 2358 τε
966 2305 1004 2382 τῇ
1033 2291 1257 2375 Μεγαλοπόλει
1291 2299 1347 2360 καί

75 2431 143 2490 ταῖς
165 2419 289 2490 λοιπαῖς
314 2421 435 2504 χώραις
452 2427 506 2504 τῆς
524 2418 690 2501 βασιλείας
713 2439 787 2503 μου,
813 2415 850 2483 ού
876 2418 971 2505 μόνον
996 2417 1045 2483 ἐπί
1068 2429 1136 2492 ταῖς
1160 2417 1221 2484 ἀπό
1247 2415 1347 2483 ἀλλο-

75 2543 183 2607 δαπῶν
211 2551 324 2628 χωρών
351 2540 424 2626 παρ’
454 2537 556 2606 αύτών
582 2541 867 2628 διακομιζομέναις
895 2541 941 2615 είς
971 2544 1026 2628 τήν
1057 2539 1234 2629 Ῥωμανίαν
1264 2564 1347 2608 παν·

75 2671 177 2740 ποίαις
203 2671 450 2752 πραγματείαις,
481 2663 564 2731 ἀλλὰ
591 2672 647 2730 καί
676 2661 751 2752 ύπέρ
783 2662 886 2730 αύτών
914 2675 973 2730 τών
1002 2663 1038 2730 ἐκ
1066 2677 1126 2731 τών
1153 2679 1264 2754 χωρών
1293 2677 1348 2756 της

74 2791 253 2878 Ῥωμανίας
277 2790 351 2877 παρ’
376 2787 478 2855 αύτών
503 2790 719 2875 έξωνουμένων
742 2793 798 2854 καί
824 2789 855 2854 έν
880 2801 918 2877 τη
942 2787 1167 2870 Μεγαλοπόλει
1187 2789 1207 2879 ἦ
1225 2789 1348 2878 ἑτέραις

75 2921 196 3005 χώραις
220 2925 276 3005 τῆς
299 2915 479 3004 Ῥωμανίας
502 2915 831 3001 διαπιπρασκομένων·
858 2913 886 2978 εί
910 2917 970 3001 γὰρ
996 2919 1053 2980 καί
1077 2911 1138 2980 ἀπό
1167 2923 1222 2981 τού
1251 2935 1348 2996 γεγυ-

75 3047 166 3114 νύτυς
194 3035 570 3127 αύτοῑςχρυσοβυύλλου
597 3045 652 3102 τού
684 3041 873 3122 προπάππου)
902 3045 959 3124 τῆς
990 3039 1156 3123 βασιλείας
1186 3061 1261 3126 μου,
1293 3049 1348 3106 τοῦ

76 3163 224 3252 ἀοιδίμου
248 3165 405 3249 βασιλέως
427 3169 528 3249 κυρυώ
550 3161 696 3237 Ἀλεξίου
713 3171 767 3226 τού
783 3159 969 3249 Κομνηνοώ,
994 3161 1036 3237 ώς
1052 3159 1237 3250 ’Ῥωμαίους
1259 3165 1348 3245 λυγί-

77 3293 193 3364 ζεσθαι
221 3290 353 3360 τούτους
382 3285 414 3352 έν
443 3299 511 3360 ταῖς
540 3283 601 3351 ἀπό
629 3295 686 3374 τῆς
709 3283 886 3371 Ῥωμανίας
914 3291 1147 3374 πραγματείαις
1174 3287 1347 3376 διώρισται,

75 3413 205 3478 κάκεῖνο
235 3411 358 3477 διδόναι
386 3416 582 3498 κομμέρκιυν
611 3409 661 3476 έπί
689 3411 831 3488 ταύταις,
860 3407 935 3498 ὅπερ
964 3409 994 3475 υί
1020 3408 1169 3498 Ῥωμαῖοι
1192 3411 1347 3492 διδόασιν,

77 3533 145 3602 ἀλλ’
170 3535 189 3624 ἡ
216 3537 365 3622 βασιλεία
389 3558 449 3622 μου
473 3544 529 3622 της
551 3535 672 3622 πολλῆς
697 3529 811 3609 αύτούς
837 3530 1033 3624 ἀμειβομένη
1065 3531 1188 3611 εύνοίας
1216 3539 1272 3602 καί
1293 3534 1347 3602 vce-¹

77 3683 174 3736 στεως
202 3661 376 3750 φιλοτίμως
403 3657 459 3724 καί
488 3656 537 3724 έπί
565 3657 608 3745 τῷ
634 3661 764 3745 τοιούτῳ
797 3659 964 3747 κεφαλαίῳ
980 3663 1069 3744 πρός
1099 3657 1214 3734 αύτούς
1241 3660 1346 3725 διατί·

76 3788 181 3864 θεται,
205 3789 262 3849 καί
286 3785 428 3870 τέσσαρα
444 3785 524 3869 μόνα
541 3781 585 3856 είς
609 3785 648 3847 τὰ
672 3779 788 3847 ίκατόν
811 3781 935 3847 διδόναι
960 3779 1074 3856 αύτούς
1097 3781 1269 3870 διορίζεται
1292 3787 1347 3849 καί

75 3908 106 3972 έν
129 3921 197 3983 ταῖς
223 3905 284 3972 ἀπό
310 3915 366 3994 τῆς
387 3905 565 3991 Ῥωμανίας
592 3909 828 3992 πραγματείαις
857 3901 967 3971 αύτών.
999 3903 1216 3973 ἀπολαύσουσι
1244 3913 1347 3972 τοίνυν

75 4032 102 4096 οί
126 4031 278 4098 Πισσαίοι
308 4041 364 4118 τῆς
392 4033 608 4117 χαρισθείσης
636 4025 742 4103 αύτοίς
767 4027 972 4106 ἐξκουσσείας
993 4034 1081 4116 παρὰ
1103 4039 1159 4118 της
1183 4031 1347 4115 βασιλείας

74 4181 134 4242 μου
158 4161 216 4222 καί
238 4159 363 4222 πάντων
387 4165 447 4219 τών
463 4153 692 4240 δεδωρημένιυν
709 4152 824 4232 αὐτοῖς,
842 4151 885 4227 ὡς
909 4151 1054 4241 ἀνωτέρω
1077 4153 1266 4242 δεδήλωται,
1290 4157 1347 4220 καί

74 4281 392 4369 μετακινηθησονται
415 4280 531 4343 τούτων
556 4274 717 4343 οὐδέποτε·
734 4275 796 4342 κάν
820 4282 953 4364 γὰρκαὶ
977 4277 1129 4368 ἔφθασαν
1151 4279 1190 4343 τα
1214 4285 1346 4344 τοιαῦτα

73 4409 177 4470 πάντα
212 4403 440 4491 παραδοθῆναι
475 4413 538 4475 τοῖς
574 4404 798 4488 μοναστηρίοις
833 4405 889 4466 καί
924 4413 987 4476 τοῖς
1021 4405 1213 4489 προσώποις,
1244 4401 1276 4480 ἐξ
1304 4401 1346 4468 ὧν

74 4529 295 4620 ἀφαιρεθέντα
323 4539 388 4602 τυίς
408 4523 585 4598 ΙΙίισσαίοις
611 4523 853 4614 παρεδόθησαν,
880 4523 950 4591 ἀλλ’
975 4523 1042 4592 έπεί
1066 4524 1162 4605 αὖθις
1185 4527 1215 4594 υί
1237 4536 1345 4595 τοιού-

75 4679 123 4722 τοι
148 4653 297 4723 Πισσαῐοι
320 4649 379 4719 ύπό
404 4652 458 4739 την
482 4649 628 4716 δουλείαν
655 4657 710 4738 τῆς
730 4646 910 4736 Ῥωμανίας
934 4656 1085 4748 γεγόνασι
1108 4658 1164 4718 καί
1188 4653 1242 4740 τήν
1265 4673 1345 4741 προ-

76 4785 167 4870 τέραν
189 4785 294 4848 πίστιν
319 4771 421 4844 αύτών
444 4778 501 4842 καὶ
530 4775 676 4842 δουλείαν
701 4787 738 4866 τῇ
763 4773 914 4862 βασιλεία
936 4799 997 4865 μου
1020 4783 1077 4845 καί
1099 4784 1163 4854 τοῖς
1186 4779 1346 4866 κληρονό·

1130 4889 1148 4944 2
