3148 5268
1271 349 1333 442 525

82 573 119 645 εἰς
140 571 282 658 ἐνέχυρον
307 569 379 636 ὅτε
403 579 463 658 κϋρ
486 573 560 648 όοόξ
582 575 638 637 κοιλ
662 573 697 636 τό
713 563 889 657 ’κομοόνιον
911 569 1063 645 Βενετίας
1086 573 1172 657 παρὰ
1196 578 1252 656 τῆς
1276 568 1333 653 βα-

82 698 185 770 σιλείας
207 691 297 783 ἡμῶν
320 699 442 782 κόσμια
466 707 521 783 τῆς
545 695 711 780 βασιλείας
736 699 775 759 τό
799 691 1086 782 ἐμπεριειλημμένα
1111 691 1142 757 ἐν
1167 693 1209 780 τῷ
1231 695 1334 759 5205-

81 843 115 903 τρ
136 828 185 884 τοῦ
212 823 327 906 χρέους
352 824 529 908 γράμματι,
564 819 621 884 καὶ
656 824 843 906 σωζομένων
876 823 1009 884 πάντοτε
1044 823 1100 883 καί
1134 821 1334 906 τηρουμένων

80 949 151 1009 κατὰ
177 947 211 1009 τό
241 942 392 1031 ἀκέραιον
421 945 464 1030 τῷ
492 945 622 1030 τοιοιλτιρ
650 952 710 1029 κῖρ
740 943 831 1009 όοοκί
857 943 979 1028 καὶτῷ
1007 947 1167 1030 κομουνίιρ
1192 951 1248 1029 τῆς
1269 941 1333 1008 Βε-

81 1075 168 1142 νετίσς
200 1073 323 1134 πάντων
357 1079 417 1134 τοῖν
452 1071 584 1134 δικαίων
619 1073 675 1133 καί
704 1075 759 1154 τῆς
787 1063 931 1156 ἀγωγῆς,
967 1059 1048 1152 ὅπερ
1074 1071 1130 1132 καί
1153 1062 1190 1154 ἣν
1223 1063 1333 1154 ἔχειὸ

81 1189 161 1266 οότός
187 1193 263 1268 όοόξ
289 1195 345 1258 καί
373 1195 407 1257 τό
437 1193 604 1280 κομοόνιον
632 1189 784 1265 Βενετίας
811 1195 896 1256 κατὰ
919 1199 975 1278 τῆς
1000 1191 1165 1274 βασιλείας
1188 1185 1276 1277 ἡμῶν
1302 1172 1334 1253 ἐν

80 1320 232 1391 λουκσὶτοις
263 1317 534 1403 πεντακισχιλίοις
562 1329 691 1403 χρυσοῖς
721 1318 917 1382 δανεισθεῐσι
948 1327 987 1403 τη
1012 1311 1275 1402 βασιλείαημων
1301 1313 1332 1378 ἐν

80 1440 214 1528 τηΑίνιρ
241 1447 329 1527 παρὰ
357 1451 412 1507 τοῦ
446 1439 549 1528 Μαρίν
583 1441 696 1528 Φαλὲρ
732 1440 854 1506 ἐκείνου
882 1437 925 1526 τῷ
952 1432 1083 1528 όνόμοιτι
1102 1449 1166 1506 τοῦ
1191 1443 1333 1506 τοιοότου

78 1577 126 1652 κόρ
154 1567 268 1640 θοοκός
292 1571 348 1632 καί
371 1577 426 1632 τοῦ
451 1571 622 1654 κομουνίοο
650 1575 706 1654 τῆς
732 1565 897 1646 Βενετίας,
923 1561 1000 1651 ὑπὲρ
1025 1563 1067 1630 τόν
1092 1565 1162 1652 ἔχει
1185 1558 1202 1630 ό
1226 1571 1332 1630 τοιοί-

77 1714 122 1764 τος
151 1691 222 1767 δοόξ
250 1695 308 1757 καί
334 1693 369 1756 τό
405 1693 576 1779 κομοόνιον
609 1689 760 1765 Βενετίας
787 1689 832 1763 ελς
861 1689 1008 1777 ἐνέχυρον
1035 1693 1123 1775 παρὰ
1153 1699 1209 1776 τῆς
1237 1691 1337 1774 βασι-Λ

74 1818 153 1889 λείας
179 1813 269 1904 ἡμσῖν
295 1817 444 1892 πελόξιον
473 1810 523 1895 έν,
552 1809 633 1881 οὕτω
661 1821 781 1902 μέντοι,
810 1811 891 1880 ὥσθ’
921 1811 989 1901 ἅμα
1018 1813 1063 1901 τιρ
1086 1812 1333 1902 ἀπεκβληθῆναι

75 1943 108 2002 τὰ
134 1949 264 2006 τοιαῦτα
299 1943 339 2006 τὰ
365 1941 611 2028 πεντακισχίλια
646 1941 789 2006 όοόκατα
824 1943 863 2005 τὰ
897 1931 1079 2026 χρυσᾶ’τῴ
1110 1939 1240 2023 τοιοότῳ
1274 1947 1333 2023 κιῖρ

74 2065 153 2128 δουκί
175 2069 233 2131 καί
255 2067 298 2150 τῷ
319 2069 481 2151 κομουνίιρ
505 2070 560 2152 τῆς
590 2061 739 2140 Βενετίας
760 2065 849 2150 παρὰ
873 2073 928 2154 τῆς
961 2061 1127 2147 βασιλείας
1150 2057 1238 2150 ἡμῶν
1263 2061 1331 2127 ένὲ-

74 2193 185 2274 χεσθαι
209 2187 324 2263 αὐτοὺς
346 2187 560 2277 ἀντιστρέφειν
582 2192 620 2254 ’τό
645 2154 786 2255 τοιοῦτον
813 2177 966 2263 πελάέιον
982 2179 1029 2274 1τῇ
1059 2173 1206 2271 βασιλεία
1233 2176 1338 2272 ἡμῶνι

75 2309 143 2398 ἅπερ
169 2316 272 2378 πάντα
302 2317 357 2378 καί
384 2309 512 2378 ἕκαστοι
540 2315 579 2378 τό
608 2310 877 2402 ἀναγεγραμμένα
900 2307 919 2398 ἡ
946 2311 1094 2395 βασιλεία
1124 2307 1224 2398 ἡμῶν,
1247 2307 1332 2396 ἅψα-

75 2439 143 2522 ρένη
159 2448 218 2501 των
244 2433 341 2516 ἁγίων
366 2447 503 2526 γραφῶν,
528 2439 683 2523 παρόντος
699 2435 757 2502 καὶ
781 2431 878 2500 αὐτοῦ
902 2441 956 2499 τοῦ
975 2433 1221 2520 ἀποκρισιαρίου
1245 2431 1333 2520 ὤμο-

75 2581 120 2623 σεν
148 2561 192 2634 εὶς
216 2565 256 2625 τὰ
281 2557 358 2640 ἅγια
383 2569 437 2625 τοό
460 2563 541 2625 θεοῦ
566 2557 739 2640 εὐαγγέλια
766 2565 822 2625 καί
847 2558 899 2633 εὶς
907 2551 962 2646 την
985 2559 1103 2644 ψοχην
1112 2554 1212 2645 ημων,
1236 2558 1293 2621 καὶ
1316 2554 1333 2622 ό

75 2695 203 2758 τοιοῦτος
221 2683 462 2771 ἀποκρτσιάριος
487 2687 530 2772 τῷ
552 2681 741 2771 έπιτροπικιβ
761 2685 817 2749 καί
841 2679 1012 2769 συνόικικιβ
1034 2679 1180 2768 ὀνόματι,
1198 2649 1332 2768 ἁβσίμε-

74 2829 117 2880 νσς
140 2819 197 2873 τοῖν
222 2805 324 2874 αὐτῶν
353 2807 451 2888 ἁγίων
480 2803 623 2898 γραρων,
648 2803 764 2894 ὁμοίως
792 2803 898 2894 ὤμοσε
923 2780 978 2871 καὶ
1004 2829 1024 2871 α
1027 2801 1098 2882 ότός
1122 2804 1166 2880 είς
1189 2809 1228 2870 τὰ
1258 2791 1334 2884 ἅγια

75 2943 121 2996 τσιῖ
142 2939 222 2998 θεοῦ
247 2931 420 3014 εὐαγγέλια
443 2938 500 2999 καί
523 2933 567 3007 είς
591 2933 646 3020 την
631 2923 773 3020 νἰβυχήν
798 2929 853 2996 τοόΙ
877 2933 1020 2997 τοιούτου
1031 2931 1167 3004 όοοκός
1195 2933 1251 2995 καί
1273 2939 1333 2994 τῶν

76 3055 239 3144 ἀνθρώπων
255 3069 310 3147 τῆς
334 3061 518 3147 κοινότητος
542 3067 597 3122 τοῦ
621 3061 792 3143 κομουνίοιν
809 3066 864 3144 τῆς
887 3055 1048 3134 Βενετίας,
1071 3053 1128 3120 καί
1153 3045 1337 3142 θ’πεσχέθηέ
1448 3059 1452 3078 ’

75 3204 121 3266 μεν
141 3185 219 3270 πρὸς
248 3181 407 3270 ἀλλήλους
432 3183 547 3267 βέβαια
570 3187 625 3248 καλ
650 3175 857 3268 κεκυρωμένα
882 3177 969 3266 ἔχειν
992 3181 1028 3244 τε
1049 3177 1112 3244 καὶΙ
1130 3160 1254 3266 κρατεῖν
1278 3182 1342 3276 καί.

75 3317 162 3371 ταῦτα
186 3307 465 3394 ἀπαραθραόστως
488 3314 589 3394 τηρεῖν
613 3326 646 3370 τε
668 3309 726 3369 καὶ
740 3296 889 3391 ’πληροῦν
910 3307 965 3369 καὶ
980 3300 1148 3392 τηρεῖσθαι
1171 3307 1227 3370 καί
1250 3302 1342 3390 πλη-’“

75 3435 201 3515 ροῖσθαι
227 3443 325 3498 ποιεῖν
349 3435 406 3497 καί
434 3433 476 3519 μη
501 3434 585 3496 κατσί
608 3453 637 3495 τι
659 3427 890 3518 ἐναντιωθῆναι
914 3427 946 3493 ἐν
974 3441 1038 3504 τοῖς
1066 3417 1290 3518 προρρηθεῖσιν
1313 3425 1333 3514 ἢ

76 3555 102 3618 ἔν
123 3579 180 3622 τινι
203 3566 264 3621 τῶν
286 3559 531 3644 προρρηθέντων
555 3553 595 3619 δι’
619 3551 708 3642 ἡμῶν
733 3550 834 3618 αὐτῶν
857 3551 877 3640 ἢ
902 3551 941 3618 δι’
966 3551 1065 3619 ἄλλου
1088 3555 1174 3641 λόγῳ
1197 3552 1216 3642 ἢ
1239 3549 1332 3638 ἔργῳ,

76 3684 167 3766 τρόπῳ
196 3685 255 3746 τινί
282 3678 302 3767 ἢ
333 3691 480 3768 μηχανη,
515 3679 630 3764 δικαίῳ
658 3677 678 3766 ἢ
709 3677 811 3760 αίτῖορ,
847 3673 905 3742 ὑπὸ
940 3673 1092 3766 ὑποθήκη
1126 3681 1250 3746 πάντων
1275 3687 1335 3742 τῶν

77 3801 198 3882 ἀγαθῶν
233 3799 321 3890 ἡμῶν
346 3825 380 3868 σε
403 3805 462 3884 καλ
490 3801 757 3890 τηςιβασιλείρς,
775 3797 863 3889 ἡμῶν
891 3804 947 3866 καί
980 3812 1035 3866 τοῦ
1061 3802 1334 3889 ,προδηλωθέντος

76 3935 124 4012 κῖρ
157 3929 275 4000 όοωκός
310 3931 366 3990 καί
401 3935 455 3991 τοῦ
491 3931 661 4013 κομουνίου
696 3935 751 4012 τῆς
785 3924 948 4004 Βενετίας,
984 3922 1026 3990 ὧν
1062 3925 1180 4019 ἔχομέν
1212 3947 1244 3989 τε
1279 3928 1335 3988 καί

76 4049 182 4138 έξομεν.
209 4050 359 4139 λνέχηται
383 4057 490 4138 μέντοι
513 4057 569 4115 καί
593 4048 609 4114 ό
634 4051 824 4140 διαληφθεὶς
848 4058 907 4147 κόρ
932 4050 1006 4124 δοὺξ
1034 4046 1152 4135 όμόσαι
1172 4046 1333 4126 ὡσαύτως,

76 4181 219 4262 παρόντος
254 4173 539 4264 ἀποκρισιαρίοοῆ
573 4147 955 4262 ἀποκρισιαρίωνὴωῶν,
989 4177 1074 4238 κατὰ
1108 4175 1160 4237 τόν
1196 4173 1335 4238 ελωθότα

77 4304 178 4384 τρόπον
205 4305 263 4366 καί
290 4303 342 4365 τόν
371 4299 495 4366 ἄνωθεν
531 4299 759 4384 γεγραμμένον.
789 4293 831 4362 ὧν
858 4300 981 4362 πάντων
997 4269 1057 4370 «εἰς
1086 4267 1256 4398 μαρτυρίαν
1280 4297 1335 4362 καῖ

78 4429 265 4512 σαφεστέραν
287 4425 455 4508 βεβαίωσιν
476 4423 650 4510 προσέταξέ
675 4441 706 4486 τε
731 4424 790 4486 καίΙ
810 4427 1005 4509 κατέστησεν
1028 4416 1049 4508 ἡ
1075 4415 1223 4505 βασιλεία
1245 4417 1334 4509 ἡμῶν

79 4545 126 4612 όόο
147 4549 327 4635 συμβόλαια
352 4551 504 4636 σόμρωνα
520 4549 661 4634 δημόσια
683 4547 753 4630 περὶ
777 4553 836 4609 τῶν
859 4547 1101 4631 προρρηθέντων
1126 4545 1279 4626 γενέσθαι
1302 4548 1340 4610 ίε

79 4676 126 4735 καί
152 4681 308 4761 γραφῆναι
339 4673 504 4758 γράμμασι
536 4665 721 4757 βωμαῖκοῖς
736 4689 769 4732 τε
798 4670 854 4732 καί
880 4662 1052 4742 λατινικοῖὲ
1079 4661 1335 4756 τὴνάότηνπέ-

82 4799 190 4886 ρίληόιν
226 4799 344 4886 ἔχοντα
379 4799 433 4863 διὰ
454 4795 573 4886 χειρός
608 4805 663 4860 τοῦ
698 4793 819 4898 οἰκείου
847 4805 885 4883 τῇ
915 4791 1064 4880 βασιλεία
1099 4813 1159 4882 μου
1194 4789 1341 4882 μεγάλου
