3148 5268
264 358 327 424 14⁰

260 559 375 638 ρούσαν
403 551 530 635 τρέβαν,
559 551 734 634 διαμενέτω
762 550 890 633 βέβαιον
917 554 973 614 καί
996 546 1148 634 ἀκέραιον
1170 551 1226 612 καί
1250 547 1332 614 ἔστω
1361 551 1417 612 καὶ
1441 549 1525 612 εἶναι

260 676 408 752 νοείσθω,
434 677 553 761 γραφὲν
576 675 611 738 τύ
628 667 730 759 βηθέν
753 672 947 758 συμβόλαιον
970 674 1012 758 τῷ
1034 669 1186 758 χιλιοστῲ
1208 673 1437 758 τριακυσιυστιρ
1452 694 1528 736 τεσ-

261 797 451 886 σαρακοστῷ
473 803 565 884 τρίτιρ
589 797 663 874 ἔτει,
687 793 793 883 ἡμέρα
816 795 946 883 εἰκοστῇ
969 799 1076 882 πρώτη
1099 805 1155 862 τού
1172 791 1349 876 αύγυύστου
1364 795 1528 860 ἰνδικτιῶ-

259 945 312 996 νος
336 921 508 1008 ἑνδεκάτης
536 924 619 1007 χειρί
641 919 763 1006 Πέτρου
790 941 841 986 ντε
869 919 997 1006 Ἀρένα,
1032 921 1246 1006 πρεσβυτέρου
1269 927 1325 1006 τῆς
1348 915 1529 1005 ἐκκλησίας

261 1056 315 1112 τού
350 1043 442 1126 ἁγίου
475 1043 726 1132 Βαρθολομαίου
760 1042 793 1108 έν
821 1054 860 1130 τη
887 1041 1019 1127 Βενετία
1045 1045 1100 1108 καὶ
1130 1045 1275 1128 νυταρίοο
1298 1051 1353 1130 τῆς
1375 1041 1529 1116 Βενετίας

260 1176 316 1238 καὶ
342 1171 578 1256 καγγελλαρίου
607 1177 661 1235 τού
688 1175 784 1256 κορού
814 1169 988 1255 μπαῑούλου
1016 1177 1076 1232 τῶν
1105 1166 1281 1234 Βενιτίκων
1310 1165 1344 1232 έν
1367 1179 1406 1256 τη
1429 1167 1527 1236 Κων-

261 1294 529 1372 σταντινουπύλει,
557 1289 633 1379 ὑπὲρ
660 1289 703 1356 ὧν
737 1302 861 1380 χρυσῶν
895 1293 1058 1358 δουκάτων
1092 1294 1263 1378 τριάκοντα
1290 1292 1444 1378 χιλιάδων
1468 1300 1529 1356 καί

260 1431 320 1486 τῶν
348 1419 453 1486 ἄλλων
482 1429 541 1484 τῶν
569 1418 873 1504 δισλαμβανυμένων
901 1416 932 1482 ὲν
960 1417 1003 1504 τῷ
1024 1413 1157 1505 ῥηθέντι
1186 1417 1371 1504 συμβολαίιρ
1395 1417 1412 1484 ύ
1435 1427 1528 1504 κύρις

260 1545 335 1622 sobe
361 1549 419 1610 καί
445 1546 480 1610 τύ
508 1543 696 1629 κουμούνιον
722 1541 872 1615 Βτνετίας
900 1540 1028 1628 ἔχουσιν
1060 1539 1129 1607 ἀντὶ
1152 1542 1303 1630 ένεχύροο
1325 1545 1444 1628 κύσμια
1469 1552 1529 1629 τῆς

261 1668 427 1752 βασιλείας
453 1670 493 1732 τὰ
520 1669 731 1752 περιεχόμενα
759 1662 791 1730 έν
819 1664 862 1751 τῷ
888 1660 1019 1752 ῥηθέντι
1053 1669 1224 1752 γράμματι·
1255 1665 1302 1730 ἔτι
1336 1669 1528 1752 σωζομένων

260 1789 312 1856 ἀεὶ
341 1795 398 1858 καί
425 1793 621 1878 τηρουμένων
648 1793 733 1854 κατὰ
760 1792 796 1856 τύ
826 1785 976 1874 ἀκέραιον
999 1787 1042 1874 τῷ
1063 1788 1150 1876 κορῷ
1176 1789 1269 1854 δουκί
1294 1794 1352 1856 καί
1375 1793 1418 1878 τῷ
1447 1811 1528 1856 κυο-

260 1919 376 2001 μοονίφ
398 1913 547 1984 Βενετίας
574 1917 698 1980 πάντων
722 1923 782 1978 τῶν
805 1913 938 1978 δικαίων
960 1915 1017 1977 καί
1040 1910 1183 1994 ἀγωγῶν,
1208 1913 1230 1978 ἀ
1252 1917 1308 1978 καὶ
1330 1913 1369 1988 ἀς
1391 1911 1409 1980 δ
1432 1923 1527 2000 κύρις

228 2067 231 2082 ·
259 2039 333 2116 δοδζ
354 2043 412 2104 καί
435 2041 470 2104 τύ
497 2039 685 2126 κουμούνιον
712 2035 859 2136 Βενετίας
890 2035 1019 2124 έχουσιν
1042 2035 1062 2124 ἦ
1087 2035 1174 2124 ἔχειν
1197 2037 1344 2102 δύνανται
1366 2039 1445 2122 πρὸς
1469 2040 1529 2125 την

259 2164 423 2247 βασιλείαν
442 2158 532 2250 ἡμῶν
554 2168 625 2249 περί
652 2182 740 2228 τινων
767 2163 931 2228 δουκύτων
959 2171 1084 2248 χρυσῶν
1109 2161 1389 2254 πεντακισχιλίων,
1413 2162 1529 2227 δανει-

260 2289 400 2354 σθέντιιν
425 2297 463 2374 τη
488 2286 636 2370 βασιλεία
664 2282 752 2373 ἡμῶν
776 2282 808 2349 ἐν
831 2295 870 2372 τη
893 2283 978 2372 Αίνιρ
1005 2287 1092 2371 παρὰ
1118 2293 1173 2350 τού
1197 2283 1256 2371 σύρ
1283 2283 1425 2372 Μαρύνου
1447 2285 1528 2352 Φα-

258 2413 370 2498 λὲτρου
398 2409 521 2480 ἐκείνου
550 2409 685 2498 ύνύματι
712 2417 766 2476 τού
788 2418 894 2497 ,κυρυύ
918 2409 1034 2483 δουκύς
1057 2407 1191 2476 καὶτοῦ
1215 2416 1404 2496 κοομουνύου
1427 2411 1530 2478 Βενε-

259 2540 340 2610 τίας·
364 2535 493 2622 ἔχουσιν
522 2531 586 2599 ἀντ’
615 2533 765 2621 ἐνεχύρου
791 2535 943 2610 παλάζιον
972 2534 1005 2599 ἓν
1033 2541 1088 2622 τῆς
1117 2534 1280 2618 βασιλείας
1311 2531 1415 2622 ἡμῶν,
1449 2534 1528 2600 οὔτε

259 2663 366 2745 μέντοι
389 2655 639 2748 ἀπορληθέντων
663 2669 722 2722 τῶν
745 2659 1008 2744 πεντακισχιλίων
1036 2667 1160 2746 χρυσῶν
1188 2657 1350 2724 δουκούτων
1373 2659 1417 2744 τῷ
1437 2661 1531 2745 κορῲ

258 2781 349 2848 δοοκί
372 2786 429 2848 καί
451 2781 494 2870 τῷ
514 2786 692 2868 κουμοονίιρ
714 2781 863 2856 Βενετίας
887 2781 1062 2868 ἐνέχεσθαι
1087 2777 1352 2867 ἀποκαταστῆσαι
1374 2783 1410 2846 τύ
1435 2780 1528 2868 εἰρη-

258 2911 351 2994 μένον
374 2909 536 2986 παλύζιον.
561 2907 609 2973 ἔτι
632 2904 649 2973 ὁ
673 2902 787 2994 ῥηθείς
809 2914 898 2994 κύρις
922 2903 1175 2994 ἀπυκρισύιιριος,
1202 2905 1349 2978 σύνδικος
1371 2909 1429 2972 καί
1454 2904 1528 2972 ἀπί-

256 3053 369 3118 τροπος
396 3041 450 3098 τού
478 3041 575 3119 κορού
604 3033 720 3106 δυυκύς
747 3037 804 3099 καί
831 3040 885 3098 τοῦ
910 3036 1100 3118 κυομοονίοο
1122 3031 1273 3106 Βενετίας
1296 3032 1351 3097 διὰ
1374 3043 1434 3098 τῶν
1458 3055 1527 3098 πα-

256 3169 375 3244 ρουσῶν
396 3159 513 3244 τρεβῶν
529 3161 585 3224 καί
608 3166 662 3224 τού
687 3160 902 3245 οτοιχηματος
925 3152 1070 3244 ἀφίησιν,
1095 3154 1263 3244 ἀνατρέπει
1286 3161 1342 3222 καὶ
1365 3159 1527 3223 καταλύει

254 3285 361 3356 πάσας
389 3285 446 3356 τὰς
474 3280 576 3356 ἄλλας
600 3280 741 3360 ἀδικίας,
777 3283 957 3368 βαρύτητας
983 3284 1040 3346 καί
1068 3283 1183 3368 ζημίας
1206 3284 1263 3354 τὰς
1288 3279 1525 3368 ἐπενεχθείσας

254 3409 340 3492 παρα
362 3425 451 3472 τινων
474 3416 534 3472 τῶν
558 3415 614 3493 τῆς
638 3407 803 3490 βασιλείας
826 3402 915 3492 ἡμῶν
938 3409 995 3471 καί
1017 3416 1056 3492 τη
1079 3406 1229 3490 βασιλεία
1254 3401 1344 3494 ἡμῶν
1374 3411 1433 3470 καὶ
1456 3420 1525 3481 τοῖς

253 3528 434 3604 Βενιτίκοις
461 3534 517 3598 καί
544 3541 664 3606 πιστούς
691 3539 745 3596 τού
773 3537 872 3616 κυρυῡ
899 3529 1016 3602 δουκύς
1041 3531 1097 3595 καί
1124 3537 1179 3594 τού
1205 3533 1395 3615 κυομοονίοο
1417 3529 1524 3596 Βενε-

255 3657 324 3726 τύας
345 3649 406 3726 έυς
435 3661 490 3742 της
519 3657 657 3742 σήμερον
680 3650 814 3742 ἡμέρας,
847 3650 1024 3740 ἐλευθερῶν
1054 3655 1111 3718 καί
1134 3650 1279 3720 ἀπολύων
1302 3656 1359 3720 καί
1381 3651 1521 3720 ἐλευθέ-

254 3799 327 3864 ρους
356 3781 411 3846 καί
438 3776 690 3866 ἀπολελυμένους
719 3777 763 3854 εἰς
786 3780 821 3844 τύ
845 3779 989 3866 διηνεκὲς
1023 3774 1102 3842 εἶναι
1135 3777 1241 3844 θέλων
1267 3773 1354 3865 ἡμᾶς
1380 3781 1438 3842 καὶ
1464 3781 1524 3865 τὴν

254 3904 421 3989 βασιλιίαν
443 3899 533 3992 ημῶν
553 3907 610 3970 καί
629 3905 682 3970 ιύν
705 3904 784 3970 λαύν
807 3899 895 3991 ἡμῶν
919 3905 975 3970 καί
997 3902 1068 3976 τούς
1083 3902 1302 3990 κληρονόμους
1325 3907 1381 3968 καί
1397 3903 1523 3978 διαδό-

253 4050 330 4114 χους
344 4025 434 4117 ἡμῶν
450 4025 512 4096 ἀπὸ
528 4038 588 4096 τῶν
604 4027 776 4116 εἰρημένων
793 4029 933 4106 ἀδικιῶν,
956 4029 1211 4114 προσκομμάτων
1231 4031 1288 4093 καί
1311 4032 1432 4116 ζημιῶν
1458 4043 1523 4098 τῶν

253 4149 483 4239 ἐπενεχθεισῶν
505 4157 591 4240 παρὰ
614 4162 674 4218 τῶν
697 4155 858 4240 προγόνων
881 4161 941 4218 τῶν
967 4146 1126 4238 ἡμετέρων
1155 4154 1212 4216 καί
1239 4161 1299 4216 τῶν
1327 4149 1432 4216 ἀλλων
1459 4165 1523 4218 τῶν

253 4273 510 4364 ύποτεταγμένιυν
537 4273 624 4364 ἡμῖν·
652 4275 741 4350 ἰδίως
768 4276 804 4341 δέ
831 4279 902 4361 περὶ
930 4273 1058 4342 ἐκείνων
1086 4285 1148 4341 τῶν
1175 4275 1219 4363 τῷ
1239 4276 1324 4362 κυρῷ
1345 4275 1437 4342 δουκί
1462 4283 1523 4344 καὶ

252 4399 295 4488 τῷ
320 4403 497 4488 κουμυονύιρ
523 4398 673 4473 Βενετίας
700 4403 757 4464 καύ
782 4411 846 4474 τοῖς
874 4399 1018 4471 πολίταις
1042 4408 1102 4464 τῶν
1124 4397 1299 4468 Βενετίκων
1324 4397 1524 4488 ἀπενεχθέν-

252 4546 312 4592 των
328 4524 361 4591 δν
377 4527 420 4612 τῷ
433 4524 535 4613 καιρῷ
556 4535 612 4592 τού
635 4535 691 4613 τῆς
714 4523 892 4612 ἁγιωτάτης
916 4522 974 4590 καί
994 4521 1197 4612 ύβηλοτάτης
1221 4528 1356 4614 μνήμης,
1381 4523 1413 4591 έν
1436 4525 1522 4613 Χρι-

253 4650 316 4737 στῷ
344 4650 386 4736 τῷ
422 4651 491 4736 θεῷ
523 4660 634 4718 πιστυύ
668 4652 825 4736 βασιλέως
858 4654 915 4715 καί
950 4645 1186 4737 αύτοκράτορος
1219 4649 1382 4740 Ῥωμαίων
1416 4663 1521 4739 κυροῖ)

251 4775 455 4863 Ἀνδρονίκου
482 4785 537 4844 τού
562 4774 789 4856 Παλαιολύγου
813 4772 950 4854 ἐκείνου,
985 4782 1040 4840 τού
1074 4777 1191 4862 πατρὸς
1213 4773 1318 4864 ἡμῶν,
1349 4783 1521 4856 ποιοῦντος
