3132 5268
1254 371 1318 439 187

68 577 114 630 τοῦ
138 575 230 652 κυρυῦ
259 569 375 640 ῦοοκύς
403 571 459 632 καί
487 575 542 632 τοῦ
569 571 759 653 κουμουνίου
791 567 938 641 Βενετίας
970 568 1139 649 σταλέντος
1167 563 1240 654 ἡμῖν
1264 573 1319 634 καί

67 687 257 778 τηὴμετέρη
285 693 432 776 βασιλείφ
459 696 515 756 καί
542 693 695 766 δοθέντος
725 689 758 756 ἐν
786 691 830 778 τῷ
855 695 1071 778 προειρημένῳ
1096 691 1240 777 παλατίιρ
1264 701 1319 756 τοῦ

68 811 207 900 ῥηθέντος
223 820 414 902 κουμουνίου
445 815 521 893 ἔτει,
555 821 637 903 μηνί,
668 812 773 903 ἡμέρη
802 820 858 880 καί
887 815 1071 895 ἰνδικτιῶνι,
1096 814 1139 890 ῶς
1163 814 1319 903 ἀνωτέρω,

67 943 113 1002 καί
141 943 245 1023 μέντοι
276 943 356 1026 μετὰ
385 940 532 1012 ποικίλας
564 937 690 1026 ὁμιλίας
720 944 776 1004 καί
806 941 1040 1027 τρακταῑσμούς
1063 945 1236 1027 γενομένας
1261 963 1319 1027 με·

69 1065 129 1138 τοξύ
151 1059 238 1151 ἡμῶν
262 1087 295 1129 τε
318 1067 375 1128 καί
398 1074 453 1151 τῆς
482 1065 646 1148 βασιλείας
673 1061 762 1152 ἡμῶν
790 1067 846 1128 καί
878 1074 932 1129 τοῦ
959 1069 1189 1152 προειρημένου
1212 1066 1319 1130 συνδί-

68 1209 126 1265 κου,
160 1187 326 1274 ἐπιτρόπου
356 1191 413 1252 καί
452 1185 694 1274 ἀποκρισιαρίου
728 1197 932 1276 περιφανοῦς,
967 1184 1057 1275 ἡμεῖς
1087 1187 1249 1275 Ἰωάννης,
1285 1189 1319 1254 ὲν

67 1311 176 1397 λ’ριστῴ
203 1313 247 1397 τῷ
273 1310 341 1397 θεῷ
365 1313 475 1376 πιστύέ
504 1313 654 1395 βασιλεύς
682 1316 738 1377 καί
766 1308 970 1398 αὐτοκράτωρ
994 1309 1170 1398 Ῥωμαίων,
1200 1309 1217 1378 ὁ
1245 1311 1317 1378 Πα-

67 1435 224 1516 λαιολύγος
258 1433 298 1500 δι’
322 1431 411 1522 ἡμῶν
434 1441 490 1501 καί
519 1445 574 1523 τῆς
598 1437 763 1520 βασιλείας
787 1432 889 1523 ἡμῶν,
927 1435 974 1502 ἔτι
1002 1459 1035 1500 τε
1071 1447 1131 1502 τῶν
1165 1437 1320 1524 κληρονό-

68 1579 122 1642 μων
146 1563 201 1624 καί
228 1559 389 1645 διαδόχων
417 1556 519 1645 ἡμῶν,
555 1557 672 1646 ὁμοίως
695 1560 731 1624 δέ
755 1565 811 1625 καί
835 1557 852 1625 θ
876 1558 1040 1648 εἰρημένος
1069 1557 1320 1647 άποκρισιάριος,

69 1684 197 1758 σύνδικος
225 1687 282 1750 καί
310 1685 475 1771 έπίτροπος
503 1685 617 1771 δικαίῳ
645 1683 702 1750 καὶ
730 1683 863 1772 ύνύματι
893 1693 948 1750 τοῦ
971 1688 1201 1772 προειρημένου
1223 1693 1321 1772 κυροῦ

68 1809 168 1883 δουκύς
195 1813 252 1876 καί
280 1819 335 1874 τοῦ
362 1815 553 1897 κουμουνίου
580 1809 729 1886 Βενετίας
757 1806 832 1898 ύπέρ
856 1811 982 1899 εἰρήνης
1008 1815 1066 1876 καί
1090 1810 1217 1900 ἀγάπης
1241 1810 1321 1878 ἑκα-

70 1936 191 2018 τέρωθεν
215 1931 426 2022 ὀφειλομένης
449 1937 630 2022 τηρηθῆναι
656 1939 712 2000 καί
735 1937 840 2024 φιλίας
865 1934 914 2000 έπί
942 1939 976 2002 τύ
1005 1948 1145 2023 κρεῖττον
1174 1931 1321 2024 αἰέηθη-

69 2064 191 2146 σομένης
222 2057 493 2146 ἐπικαλεσάμενοι
521 2064 556 2126 τύ
585 2057 686 2146 ὄνομα
714 2071 769 2126 τοῦ
797 2059 934 2146 Χριστοῦ
967 2063 1142 2150 συνέβημεν
1171 2059 1220 2126 έπί
1246 2063 1320 2126 τού·

68 2206 134 2262 τοις,
163 2185 328 2272 δηλονότι,
356 2181 409 2250 ἵνα
434 2182 496 2250 αἰπύ
520 2193 576 2272 τῆς
598 2187 761 2272 παρούσης
784 2181 906 2272 ἡμέρας
930 2184 973 2260 εἰς
996 2188 1031 2250 τύ
1056 2185 1238 2272 ἔμπροσθεν
1263 2189 1322 2272 μέ-

66 2331 111 2395 Ιγρι
135 2315 224 2400 πέντε
260 2307 337 2374 έτῶν
371 2319 432 2374 τῶν
468 2308 578 2398 ἐφεξῆς
614 2307 903 2396 σίκυλυυθησύντων
938 2311 1053 2396 μεταξύ
1081 2307 1170 2398 ἡμῶν
1205 2333 1238 2375 τε
1266 2315 1322 2375 καί

66 2443 112 2520 τῆς
134 2434 298 2518 βασιλείας
321 2430 409 2520 ἡμῶν
438 2437 493 2497 καί
519 2443 574 2500 τοῦ
597 2431 752 2522 ἡμετέρου
776 2435 871 2512 λαοῦ,
901 2432 948 2498 έτι
971 2457 1004 2498 τε
1029 2445 1089 2500 τῶν
1114 2435 1324 2522 κληρονόμων

65 2563 113 2623 καί
137 2560 298 2646 διαδόχων
325 2555 413 2645 ἡμῶν
442 2563 498 2623 καί
533 2553 630 2623 αὐτοῦ
659 2567 713 2624 τοῦ
742 2567 841 2644 κυροῦ
869 2559 986 2634 δυυκύς
1013 2563 1069 2625 καί
1096 2569 1151 2626 τοῦ
1179 2581 1322 2647 κουμου-

64 2689 122 2749 νίου
147 2685 296 2758 Βενετίας
324 2689 379 2750 καί
405 2688 530 2750 πάντων
558 2695 618 2748 τῶν
649 2680 908 2770 ὑποτεταγμένων
937 2680 1043 2760 αὐτοῖς
1074 2685 1265 2771 διαμένωσιν
1290 2683 1323 2751 έν

63 2809 140 2896 ἰσχύι
163 2813 221 2875 καί
250 2808 339 2898 ἀκμῇ
375 2809 534 2895 εἰλικρινεῖ
562 2813 618 2874 καί
649 2807 783 2894 ὁμονοία
809 2811 919 2895 τρέβαι
953 2807 1138 2899 ύφείλουσαι
1172 2811 1322 2898 διαρκεῖν,

64 2940 252 3022 στηρίζοντος
275 2939 331 3000 καί
356 2935 557 3019 βεβαιοῦντες
586 2939 680 3021 μέχρι
707 2943 762 3020 της
786 2933 956 3021 εἰρημένης
984 2933 1113 3020 διωρίας
1138 2938 1244 3009 πάσας
1267 2939 1324 3008 τὰς

61 3061 278 3144 παρελθούσας
306 3063 361 3124 καί
390 3059 611 3131 έκπνευσάσας
645 3058 759 3143 τρέβας
789 3061 869 3142 μετὰ
894 3059 1018 3122 πάντων
1042 3067 1102 3123 τῶν
1129 3059 1323 3146 κεφαλαίων,

63 3193 115 3247 τῶν
141 3187 382 3262 καταοτάσεων,
408 3193 466 3246 τῶν
499 3183 736 3268 στοιχημάτων,
772 3191 831 3246 τῶν
855 3191 1051 3269 συμφωνιῶν,
1075 3189 1136 3248 τῶν
1160 3181 1323 3270 διασαφὴ·

63 3329 147 3388 σεων,
181 3319 243 3373 τῶν
279 3305 515 3394 ἐπερωτήσεων,
552 3307 753 3390 βεβαιῶσεῶν
782 3327 815 3369 τε
843 3309 899 3370 καί
929 3309 1047 3393 ζημιῶν
1079 3303 1256 3372 ἐπιθέσεων
1291 3331 1324 3372 τε

63 3437 113 3496 καί
139 3445 197 3500 τῶν
233 3432 339 3498 ἄλλων
372 3435 496 3498 πάντων
531 3442 591 3495 τῶν
620 3429 893 3517 ἐμπεριεχομένων
929 3430 960 3496 έν
992 3443 1059 3504 ταῖς
1094 3433 1219 3519 τρέβαις
1255 3445 1323 3507 ταῖς

63 3555 197 3644 ἀνωτέρω
221 3559 433 3644 δηλουμέναις
457 3569 523 3630 ταῖς
547 3557 802 3642 παρελθούσαις,
831 3557 945 3630 καθιδς
974 3561 1070 3645 μέχρι
1099 3567 1155 3623 τοῦ
1182 3568 1235 3625 νῦν
1259 3579 1322 3624 κα-

63 3685 195 3768 θέστηκε
212 3683 364 3768 σύνηθες,
390 3684 470 3767 μετὰ
491 3691 551 3746 τῶν
574 3681 801 3768 διασαφήσεων
824 3684 880 3745 καί
902 3682 1155 3769 προσδιορισμῶν
1179 3693 1238 3748 τῶν
1263 3703 1324 3748 κα·

64 3810 176 3892 τωτέρω
204 3809 467 3892 γραφησομένων,
497 3805 659 3891 δηλονότι,
685 3801 733 3869 ύτι
757 3805 784 3870 εἰ
807 3809 863 3870 καί
886 3803 903 3870 ὁ
928 3815 987 3892 κῦρ
1011 3807 1085 3882 δούς
1108 3810 1163 3871 καί
1186 3809 1221 3871 τύ
1245 3829 1323 3873 κου·

63 3931 181 4010 μούνιον
207 3928 356 4001 Βενετίας
385 3939 526 4015 φανερῶς
563 3929 691 4016 ἔχουσιν
721 3926 783 3994 ἀπὸ
811 3939 865 3996 τοῦ
901 3931 996 3995 τύπου
1026 3940 1086 3995 τῶν
1121 3932 1238 4016 τρεβῶν
1263 3941 1323 3996 τῶν

63 4073 89 4116 τε
110 4059 186 4120 νέων
209 4058 266 4119 καί
289 4065 348 4118 τῶν
371 4055 530 4131 παλαιῶν,
566 4049 646 4120 ὥστε
671 4052 783 4128 ἐξεῖναι
807 4067 870 4128 τοῖς
893 4054 1077 4130 Βενετίκοις
1109 4052 1212 4122 αὐτῶν
1235 4053 1323 4121 ὠνεῖ-

63 4181 134 4244 σθαι
168 4179 345 4264 ἐλευθέρως
384 4179 501 4258 οἰκίας,
540 4183 700 4265 κάμπους,
735 4181 903 4265 περιβύλια
937 4185 993 4247 καί
1030 4184 1179 4268 κτήματα
1215 4180 1248 4246 έν
1283 4193 1322 4269 τη

62 4299 381 4370 Κωνστοιντινουπύλει
419 4308 474 4368 καί
512 4307 600 4390 πάση
637 4313 676 4391 τη
715 4304 862 4389 βασιλεία
899 4301 1002 4393 ἡμῶν,
1043 4303 1059 4369 ὁ
1094 4311 1322 4393 προειρημένος

63 4435 112 4512 ιῦρ
138 4428 213 4504 δούς
244 4432 300 4492 καί
328 4431 363 4492 τύ
391 4430 580 4514 κουμούνιον
606 4427 769 4505 Βενετίας,
805 4437 1034 4504 κατανοοῦντες
1069 4431 1125 4517 τὴν
1158 4439 1322 4517 παροῦσαν

63 4557 248 4618 κατάστασιν
284 4561 340 4638 της
376 4551 542 4636 βασιλείας
577 4548 678 4639 ἡμῶν,
712 4549 765 4616 ἵνα
793 4550 966 4639 έπιγνῶμεν
997 4555 1052 4640 τὴν
1082 4549 1183 4619 αὐτῶν
1218 4555 1322 4642 καλὴν

64 4673 198 4744 διάθεσιν
226 4679 305 4766 πρὸς
333 4679 388 4764 ιὴν
417 4674 572 4764 ἡμετέραν
601 4680 803 4764 συντήρησιν,
837 4681 1071 4766 προενοηοαντο
1101 4678 1165 4767 ύδηῑ
1190 4701 1322 4767 κουρτε-

66 4803 126 4877 σίας
154 4807 209 4868 καύ
236 4799 364 4890 ἀγάπης
393 4799 506 4889 ἀρέσαι
534 4796 606 4888 ἡμῖν
635 4809 743 4866 τοῦτον
771 4803 824 4866 τύν
855 4805 985 4887 τρόπον,
1020 4800 1069 4869 ὅτι
1097 4805 1139 4892 μὴ
1169 4802 1320 4870 έλαττου·
