<?xml version="1.0" encoding="UTF-8"?>
<!DOCTYPE html PUBLIC "-//W3C//DTD XHTML 1.0 Transitional//EN"
    "http://www.w3.org/TR/xhtml1/DTD/xhtml1-transitional.dtd">
<html xmlns="http://www.w3.org/1999/xhtml" xml:lang="en" lang="en">
 <head>
  <title>
</title>
<meta http-equiv="Content-Type" content="text/html;charset=utf-8" />
  <meta name='ocr-system' content='tesseract 3.04.00' />
  <meta name='ocr-capabilities' content='ocr_page ocr_carea ocr_par ocr_line ocrx_word'/>
</head>
<body>
  <div class='ocr_page' id='page_1' title='image "./actaetdiplomata03miklgoog_0293.png"; bbox 0 0 3114 5264; ppageno 0'>
   <div class='ocr_carea' id='block_1_1' title="bbox 513 539 1251 682">
    <p class='ocr_par' dir='ltr' id='par_1_1' title="bbox 513 539 1251 682">
     <span class='ocr_line' id='line_1_1' title="bbox 513 539 1251 682; baseline -0.008 -14"><span class='ocrx_word' id='word_1_1' title='bbox 513 601 578 670; x_wconf 84' lang='lat' dir='ltr'>XV.</span> <span class='ocrx_word' id='word_1_2' title='bbox 595 601 845 682; x_wconf 77' lang='lat'>(6949-1440)</span> <span class='ocrx_word' id='word_1_3' title='bbox 861 539 967 666; x_wconf 70' lang='grc' dir='ltr'>ωουοε</span> <span class='ocrx_word' id='word_1_4' title='bbox 983 597 1102 664; x_wconf 83' lang='lat' dir='ltr'>octobri</span> <span class='ocrx_word' id='word_1_5' title='bbox 1118 595 1183 664; x_wconf 87' lang='lat' dir='ltr'><strong>ind.</strong></span> <span class='ocrx_word' id='word_1_6' title='bbox 1200 595 1251 664; x_wconf 80' lang='lat' dir='ltr'>[v.</span> 
     </span>
    </p>
   </div>
   <div class='ocr_carea' id='block_1_2' title="bbox 305 761 1460 840">
    <p class='ocr_par' dir='ltr' id='par_1_2' title="bbox 305 761 1460 840">
     <span class='ocr_line' id='line_1_2' title="bbox 305 761 1460 840; baseline -0.007 -18"><span class='ocrx_word' id='word_1_7' title='bbox 305 767 427 823; x_wconf 76' lang='grc' dir='ltr'>Πιοοιαο</span> <span class='ocrx_word' id='word_1_8' title='bbox 443 767 649 840; x_wconf 78' lang='grc' dir='ltr'>Ρσίατοίορκυ,</span> <span class='ocrx_word' id='word_1_9' title='bbox 667 769 788 840; x_wconf 64' lang='lat' dir='ltr'>despota</span> <span class='ocrx_word' id='word_1_10' title='bbox 803 765 1006 838; x_wconf 68' lang='lat' dir='ltr'>Peloponnesi,</span> <span class='ocrx_word' id='word_1_11' title='bbox 1025 767 1173 840; x_wconf 65' lang='grc' dir='ltr'>τοκβηιιαί</span> <span class='ocrx_word' id='word_1_12' title='bbox 1187 763 1373 818; x_wconf 65' lang='lat' dir='ltr'>venditionem</span> <span class='ocrx_word' id='word_1_13' title='bbox 1389 761 1460 815; x_wconf 77' lang='grc' dir='ltr'>λονίί</span> 
     </span>
    </p>
   </div>
   <div class='ocr_carea' id='block_1_3' title="bbox 798 892 956 948">
    <p class='ocr_par' dir='ltr' id='par_1_3' title="bbox 798 892 956 948">
     <span class='ocr_line' id='line_1_3' title="bbox 798 892 956 948; baseline 0.013 -2"><span class='ocrx_word' id='word_1_14' title='bbox 798 892 956 948; x_wconf 58' lang='lat' dir='ltr'><strong><em>eamdam.</em></strong></span> 
     </span>
    </p>
   </div>
   <div class='ocr_carea' id='block_1_4' title="bbox 239 1037 1508 3736">
    <p class='ocr_par' dir='ltr' id='par_1_4' title="bbox 239 1037 1508 3497">
     <span class='ocr_line' id='line_1_4' title="bbox 331 1037 1503 1132; baseline -0.003 -21"><span class='ocrx_word' id='word_1_15' title='bbox 331 1049 350 1125; x_wconf 89' lang='lat'>†</span> <span class='ocrx_word' id='word_1_16' title='bbox 374 1043 460 1110; x_wconf 66' lang='grc' dir='ltr'>Ἐπεὶ</span> <span class='ocrx_word' id='word_1_17' title='bbox 483 1049 806 1132; x_wconf 64' lang='grc' dir='ltr'>προευεργετήδηοαν</span> <span class='ocrx_word' id='word_1_18' title='bbox 827 1049 914 1132; x_wconf 83' lang='grc' dir='ltr'>παρὰ</span> <span class='ocrx_word' id='word_1_19' title='bbox 937 1051 993 1106; x_wconf 84' lang='grc' dir='ltr'>τοῦ</span> <span class='ocrx_word' id='word_1_20' title='bbox 1015 1037 1172 1106; x_wconf 77' lang='grc' dir='ltr'>αὐδίντου</span> <span class='ocrx_word' id='word_1_21' title='bbox 1196 1063 1256 1128; x_wconf 91' lang='grc' dir='ltr'>μου</span> <span class='ocrx_word' id='word_1_22' title='bbox 1272 1047 1327 1105; x_wconf 78' lang='grc' dir='ltr'>τοῦ</span> <span class='ocrx_word' id='word_1_23' title='bbox 1345 1039 1503 1122; x_wconf 75' lang='grc' dir='ltr'>βασιλέως,</span> 
     </span>
     <span class='ocr_line' id='line_1_5' title="bbox 242 1162 1502 1258; baseline -0.004 -26"><span class='ocrx_word' id='word_1_24' title='bbox 242 1176 297 1232; x_wconf 83' lang='grc' dir='ltr'>τοῦ</span> <span class='ocrx_word' id='word_1_25' title='bbox 327 1166 467 1258; x_wconf 72' lang='grc' dir='ltr'>ἀδελφοῦ</span> <span class='ocrx_word' id='word_1_26' title='bbox 492 1191 567 1256; x_wconf 90' lang='grc' dir='ltr'>μου,</span> <span class='ocrx_word' id='word_1_27' title='bbox 592 1166 681 1242; x_wconf 81' lang='grc' dir='ltr'>ὄντος</span> <span class='ocrx_word' id='word_1_28' title='bbox 706 1174 775 1233; x_wconf 86' lang='grc' dir='ltr'>τότε</span> <span class='ocrx_word' id='word_1_29' title='bbox 801 1170 969 1245; x_wconf 77' lang='grc' dir='ltr'><strong>δεσπότου,</strong></span> <span class='ocrx_word' id='word_1_30' title='bbox 994 1165 1011 1231; x_wconf 89' lang='grc' dir='ltr'>ό</span> <span class='ocrx_word' id='word_1_31' title='bbox 1040 1189 1072 1232; x_wconf 88' lang='grc' dir='ltr'>τε</span> <span class='ocrx_word' id='word_1_32' title='bbox 1101 1168 1209 1254; x_wconf 84' lang='grc' dir='ltr'>κύριος</span> <span class='ocrx_word' id='word_1_33' title='bbox 1237 1167 1416 1253; x_wconf 79' lang='grc' dir='ltr'>Δημήτριος</span> <span class='ocrx_word' id='word_1_34' title='bbox 1440 1162 1502 1228; x_wconf 91' lang='grc' dir='ltr'>Πα-</span> 
     </span>
     <span class='ocr_line' id='line_1_6' title="bbox 242 1287 1504 1391; baseline -0.006 -35"><span class='ocrx_word' id='word_1_35' title='bbox 242 1294 415 1372; x_wconf 76' lang='grc' dir='ltr'>λαιολόχος</span> <span class='ocrx_word' id='word_1_36' title='bbox 450 1289 467 1356; x_wconf 88' lang='grc' dir='ltr'>ό</span> <span class='ocrx_word' id='word_1_37' title='bbox 495 1291 713 1381; x_wconf 83' lang='grc' dir='ltr'>Δερμοκαίτης</span> <span class='ocrx_word' id='word_1_38' title='bbox 738 1299 794 1358; x_wconf 87' lang='grc' dir='ltr'>καί</span> <span class='ocrx_word' id='word_1_39' title='bbox 816 1295 935 1391; x_wconf 67' lang='grc' dir='ltr'>πόριοςι</span> <span class='ocrx_word' id='word_1_40' title='bbox 952 1291 1098 1378; x_wconf 76' lang='grc' dir='ltr'>Ἰωάννης</span> <span class='ocrx_word' id='word_1_41' title='bbox 1126 1289 1143 1355; x_wconf 90' lang='grc' dir='ltr'>ό</span> <span class='ocrx_word' id='word_1_42' title='bbox 1170 1287 1332 1362; x_wconf 81' lang='grc' dir='ltr'>Ῥωσατᾶς</span> <span class='ocrx_word' id='word_1_43' title='bbox 1360 1292 1430 1374; x_wconf 80' lang='grc' dir='ltr'>περί</span> <span class='ocrx_word' id='word_1_44' title='bbox 1457 1289 1504 1370; x_wconf 78' lang='grc' dir='ltr'>την</span> 
     </span>
     <span class='ocr_line' id='line_1_7' title="bbox 240 1411 1504 1505; baseline -0.006 -24"><span class='ocrx_word' id='word_1_45' title='bbox 240 1419 394 1504; x_wconf 71' lang='grc' dir='ltr'>περιοχὴν</span> <span class='ocrx_word' id='word_1_46' title='bbox 422 1428 482 1482; x_wconf 85' lang='grc' dir='ltr'>τῶν</span> <span class='ocrx_word' id='word_1_47' title='bbox 510 1417 643 1505; x_wconf 82' lang='grc' dir='ltr'>Πατρῶν</span> <span class='ocrx_word' id='word_1_48' title='bbox 666 1419 863 1504; x_wconf 86' lang='grc' dir='ltr'>περιβόλειόν</span> <span class='ocrx_word' id='word_1_49' title='bbox 887 1442 930 1492; x_wconf 83' lang='grc' dir='ltr'>τι,</span> <span class='ocrx_word' id='word_1_50' title='bbox 967 1415 1010 1491; x_wconf 78' lang='grc' dir='ltr'>ὣς</span> <span class='ocrx_word' id='word_1_51' title='bbox 1039 1413 1076 1484; x_wconf 76' lang='grc' dir='ltr'>ἂν</span> <span class='ocrx_word' id='word_1_52' title='bbox 1106 1415 1223 1503; x_wconf 66' lang='grc' dir='ltr'>ἔχωσιν</span> <span class='ocrx_word' id='word_1_53' title='bbox 1257 1411 1333 1480; x_wconf 82' lang='grc' dir='ltr'>αότό</span> <span class='ocrx_word' id='word_1_54' title='bbox 1364 1412 1408 1485; x_wconf 79' lang='grc' dir='ltr'>ὥς</span> <span class='ocrx_word' id='word_1_55' title='bbox 1431 1413 1504 1476; x_wconf 80' lang='grc' dir='ltr'>ἴδιον</span> 
     </span>
     <span class='ocr_line' id='line_1_8' title="bbox 241 1536 1503 1629; baseline -0.006 -25"><span class='ocrx_word' id='word_1_56' title='bbox 241 1537 344 1606; x_wconf 71' lang='grc' dir='ltr'>αὐτῶν</span> <span class='ocrx_word' id='word_1_57' title='bbox 367 1551 475 1629; x_wconf 82' lang='grc' dir='ltr'>κτῆμα</span> <span class='ocrx_word' id='word_1_58' title='bbox 498 1546 554 1606; x_wconf 85' lang='grc' dir='ltr'>καί</span> <span class='ocrx_word' id='word_1_59' title='bbox 576 1554 674 1608; x_wconf 79' lang='grc' dir='ltr'>ποιεῖν</span> <span class='ocrx_word' id='word_1_60' title='bbox 698 1540 744 1607; x_wconf 70' lang='grc' dir='ltr'>ἐπ’</span> <span class='ocrx_word' id='word_1_61' title='bbox 775 1539 859 1628; x_wconf 79' lang='grc' dir='ltr'>αότῴ</span> <span class='ocrx_word' id='word_1_62' title='bbox 884 1545 1051 1606; x_wconf 76' lang='grc' dir='ltr'>πάντατὰ</span> <span class='ocrx_word' id='word_1_63' title='bbox 1080 1536 1185 1614; x_wconf 80' lang='grc' dir='ltr'>αὐτοῖς</span> <span class='ocrx_word' id='word_1_64' title='bbox 1208 1536 1376 1625; x_wconf 79' lang='grc' dir='ltr'>βοολητόα,</span> <span class='ocrx_word' id='word_1_65' title='bbox 1403 1547 1454 1602; x_wconf 80' lang='grc' dir='ltr'>νῦν</span> <span class='ocrx_word' id='word_1_66' title='bbox 1476 1537 1503 1598; x_wconf 78' lang='grc' dir='ltr'>δὲ</span> 
     </span>
     <span class='ocr_line' id='line_1_9' title="bbox 241 1663 1504 1755; baseline -0.005 -24"><span class='ocrx_word' id='word_1_67' title='bbox 241 1665 374 1755; x_wconf 79' lang='grc' dir='ltr'>ἀνόρερε</span> <span class='ocrx_word' id='word_1_68' title='bbox 403 1678 442 1755; x_wconf 80' lang='grc' dir='ltr'>τη</span> <span class='ocrx_word' id='word_1_69' title='bbox 467 1669 615 1752; x_wconf 72' lang='grc' dir='ltr'>βασιλεία</span> <span class='ocrx_word' id='word_1_70' title='bbox 640 1691 700 1754; x_wconf 91' lang='grc' dir='ltr'>μου</span> <span class='ocrx_word' id='word_1_71' title='bbox 724 1666 740 1732; x_wconf 90' lang='grc' dir='ltr'>ό</span> <span class='ocrx_word' id='word_1_72' title='bbox 765 1667 928 1755; x_wconf 72' lang='grc' dir='ltr'>εἰρημένος</span> <span class='ocrx_word' id='word_1_73' title='bbox 951 1669 1059 1753; x_wconf 86' lang='grc' dir='ltr'>κόριος</span> <span class='ocrx_word' id='word_1_74' title='bbox 1084 1667 1263 1754; x_wconf 76' lang='grc' dir='ltr'>Δημήτριος</span> <span class='ocrx_word' id='word_1_75' title='bbox 1289 1663 1504 1741; x_wconf 81' lang='grc' dir='ltr'>Παλαιολότυς</span> 
     </span>
     <span class='ocr_line' id='line_1_10' title="bbox 241 1787 1504 1882; baseline -0.004 -26"><span class='ocrx_word' id='word_1_76' title='bbox 241 1789 258 1856; x_wconf 92' lang='grc' dir='ltr'>ό</span> <span class='ocrx_word' id='word_1_77' title='bbox 283 1789 519 1880; x_wconf 85' lang='grc' dir='ltr'>Δερμοκαΐτης,</span> <span class='ocrx_word' id='word_1_78' title='bbox 545 1788 628 1866; x_wconf 79' lang='grc' dir='ltr'>ὅπως</span> <span class='ocrx_word' id='word_1_79' title='bbox 645 1797 844 1882; x_wconf 84' lang='grc' dir='ltr'>συνεριόνησε</span> <span class='ocrx_word' id='word_1_80' title='bbox 869 1796 949 1878; x_wconf 83' lang='grc' dir='ltr'>μετὰ</span> <span class='ocrx_word' id='word_1_81' title='bbox 973 1795 1082 1878; x_wconf 78' lang='grc' dir='ltr'>κυρίου</span> <span class='ocrx_word' id='word_1_82' title='bbox 1104 1789 1270 1858; x_wconf 77' lang='grc' dir='ltr'>Νικολάου</span> <span class='ocrx_word' id='word_1_83' title='bbox 1295 1797 1348 1854; x_wconf 84' lang='grc' dir='ltr'>τοῦ</span> <span class='ocrx_word' id='word_1_84' title='bbox 1373 1787 1504 1871; x_wconf 84' lang='grc' dir='ltr'>Ἄβοόρη</span> 
     </span>
     <span class='ocr_line' id='line_1_11' title="bbox 240 1913 1505 2005; baseline -0.006 -23"><span class='ocrx_word' id='word_1_85' title='bbox 240 1921 297 1982; x_wconf 86' lang='grc' dir='ltr'>καί</span> <span class='ocrx_word' id='word_1_86' title='bbox 325 1914 532 2005; x_wconf 79' lang='grc' dir='ltr'>ἀπεπώλησεν</span> <span class='ocrx_word' id='word_1_87' title='bbox 559 1920 637 2004; x_wconf 83' lang='grc' dir='ltr'>πρός</span> <span class='ocrx_word' id='word_1_88' title='bbox 667 1913 761 1982; x_wconf 74' lang='grc' dir='ltr'>αὐτόν</span> <span class='ocrx_word' id='word_1_89' title='bbox 790 1919 845 2004; x_wconf 78' lang='grc' dir='ltr'>την</span> <span class='ocrx_word' id='word_1_90' title='bbox 875 1918 988 2004; x_wconf 90' lang='grc' dir='ltr'>μερίδα</span> <span class='ocrx_word' id='word_1_91' title='bbox 1010 1928 1116 1982; x_wconf 84' lang='grc' dir='ltr'>πᾶσαν</span> <span class='ocrx_word' id='word_1_92' title='bbox 1142 1913 1239 1981; x_wconf 76' lang='grc' dir='ltr'>αὐτοῦ</span> <span class='ocrx_word' id='word_1_93' title='bbox 1264 1917 1345 1998; x_wconf 87' lang='grc' dir='ltr'>[τοῦ]</span> <span class='ocrx_word' id='word_1_94' title='bbox 1371 1915 1505 1977; x_wconf 84' lang='grc' dir='ltr'>τοιούτου</span> 
     </span>
     <span class='ocr_line' id='line_1_12' title="bbox 239 2037 1504 2130; baseline -0.006 -24"><span class='ocrx_word' id='word_1_95' title='bbox 239 2041 455 2128; x_wconf 85' lang='grc' dir='ltr'>περιβυλείου,</span> <span class='ocrx_word' id='word_1_96' title='bbox 480 2047 536 2107; x_wconf 87' lang='grc' dir='ltr'>καί</span> <span class='ocrx_word' id='word_1_97' title='bbox 554 2043 695 2130; x_wconf 71' lang='grc' dir='ltr'>ἐδέησεν,</span> <span class='ocrx_word' id='word_1_98' title='bbox 719 2039 772 2106; x_wconf 82' lang='grc' dir='ltr'>ἵνα</span> <span class='ocrx_word' id='word_1_99' title='bbox 789 2039 837 2106; x_wconf 76' lang='grc' dir='ltr'>ἐπί</span> <span class='ocrx_word' id='word_1_100' title='bbox 861 2043 959 2127; x_wconf 82' lang='grc' dir='ltr'>τούτῳ</span> <span class='ocrx_word' id='word_1_101' title='bbox 984 2045 1114 2128; x_wconf 76' lang='grc' dir='ltr'>γένηται</span> <span class='ocrx_word' id='word_1_102' title='bbox 1137 2043 1192 2104; x_wconf 85' lang='grc' dir='ltr'>καὶ</span> <span class='ocrx_word' id='word_1_103' title='bbox 1216 2037 1347 2124; x_wconf 84' lang='grc' dir='ltr'>όρισμός</span> <span class='ocrx_word' id='word_1_104' title='bbox 1371 2046 1428 2125; x_wconf 80' lang='grc' dir='ltr'>τῆς</span> <span class='ocrx_word' id='word_1_105' title='bbox 1453 2039 1504 2120; x_wconf 83' lang='grc' dir='ltr'>βα-</span> 
     </span>
     <span class='ocr_line' id='line_1_13' title="bbox 240 2161 1505 2255; baseline -0.005 -24"><span class='ocrx_word' id='word_1_106' title='bbox 240 2167 362 2240; x_wconf 84' lang='grc' dir='ltr'>σιλείας</span> <span class='ocrx_word' id='word_1_107' title='bbox 387 2189 448 2252; x_wconf 92' lang='grc' dir='ltr'>μου</span> <span class='ocrx_word' id='word_1_108' title='bbox 470 2169 616 2239; x_wconf 87' lang='grc' dir='ltr'>πλείονος</span> <span class='ocrx_word' id='word_1_109' title='bbox 642 2166 819 2255; x_wconf 80' lang='grc' dir='ltr'>ἀσφαλείας</span> <span class='ocrx_word' id='word_1_110' title='bbox 843 2171 898 2230; x_wconf 85' lang='grc' dir='ltr'>καί</span> <span class='ocrx_word' id='word_1_111' title='bbox 923 2167 1122 2250; x_wconf 76' lang='grc' dir='ltr'>βεβαιώσεως</span> <span class='ocrx_word' id='word_1_112' title='bbox 1146 2163 1256 2240; x_wconf 74' lang='grc' dir='ltr'>ἕνεκα,</span> <span class='ocrx_word' id='word_1_113' title='bbox 1284 2161 1348 2250; x_wconf 78' lang='grc' dir='ltr'>ἤδη</span> <span class='ocrx_word' id='word_1_114' title='bbox 1372 2163 1505 2248; x_wconf 73' lang='grc' dir='ltr'>διοριζό-</span> 
     </span>
     <span class='ocr_line' id='line_1_14' title="bbox 242 2287 1507 2379; baseline 0.001 -25"><span class='ocrx_word' id='word_1_115' title='bbox 242 2293 331 2375; x_wconf 76' lang='grc' dir='ltr'>μεθα</span> <span class='ocrx_word' id='word_1_116' title='bbox 358 2292 412 2356; x_wconf 82' lang='grc' dir='ltr'>διὰ</span> <span class='ocrx_word' id='word_1_117' title='bbox 436 2300 491 2358; x_wconf 84' lang='grc' dir='ltr'>τοῦ</span> <span class='ocrx_word' id='word_1_118' title='bbox 514 2296 670 2379; x_wconf 81' lang='grc' dir='ltr'>παρόντος</span> <span class='ocrx_word' id='word_1_119' title='bbox 692 2288 781 2379; x_wconf 79' lang='grc' dir='ltr'>ἡμῶν</span> <span class='ocrx_word' id='word_1_120' title='bbox 806 2290 955 2378; x_wconf 80' lang='grc' dir='ltr'>ὁρισμοῦ,</span> <span class='ocrx_word' id='word_1_121' title='bbox 984 2289 1027 2365; x_wconf 77' lang='grc' dir='ltr'>ἱις</span> <span class='ocrx_word' id='word_1_122' title='bbox 1052 2289 1090 2355; x_wconf 84' lang='grc' dir='ltr'>ἂν</span> <span class='ocrx_word' id='word_1_123' title='bbox 1114 2289 1177 2376; x_wconf 75' lang='grc' dir='ltr'>ἔχη</span> <span class='ocrx_word' id='word_1_124' title='bbox 1201 2287 1221 2376; x_wconf 84' lang='grc' dir='ltr'>ἡ</span> <span class='ocrx_word' id='word_1_125' title='bbox 1246 2290 1377 2376; x_wconf 83' lang='grc' dir='ltr'>τοιαύτη</span> <span class='ocrx_word' id='word_1_126' title='bbox 1400 2299 1507 2374; x_wconf 75' lang='grc' dir='ltr'>πρᾶσις</span> 
     </span>
     <span class='ocr_line' id='line_1_15' title="bbox 242 2412 1507 2501; baseline -0.009 -21"><span class='ocrx_word' id='word_1_127' title='bbox 242 2414 299 2480; x_wconf 85' lang='grc' dir='ltr'>καί</span> <span class='ocrx_word' id='word_1_128' title='bbox 321 2417 431 2501; x_wconf 73' lang='grc' dir='ltr'>πρᾶξις</span> <span class='ocrx_word' id='word_1_129' title='bbox 455 2413 558 2484; x_wconf 78' lang='grc' dir='ltr'>αὐτῶν</span> <span class='ocrx_word' id='word_1_130' title='bbox 586 2419 621 2480; x_wconf 85' lang='grc' dir='ltr'>τό</span> <span class='ocrx_word' id='word_1_131' title='bbox 651 2419 794 2501; x_wconf 69' lang='grc' dir='ltr'>στέργον,</span> <span class='ocrx_word' id='word_1_132' title='bbox 820 2418 855 2480; x_wconf 89' lang='grc' dir='ltr'>τό</span> <span class='ocrx_word' id='word_1_133' title='bbox 884 2425 980 2500; x_wconf 83' lang='grc' dir='ltr'>κῦρος</span> <span class='ocrx_word' id='word_1_134' title='bbox 1007 2418 1063 2478; x_wconf 86' lang='grc' dir='ltr'>καί</span> <span class='ocrx_word' id='word_1_135' title='bbox 1091 2416 1126 2478; x_wconf 89' lang='grc' dir='ltr'>τό</span> <span class='ocrx_word' id='word_1_136' title='bbox 1151 2412 1430 2499; x_wconf 80' lang='grc' dir='ltr'>ἀπαραοοίλευτον,</span> <span class='ocrx_word' id='word_1_137' title='bbox 1461 2412 1507 2474; x_wconf 81' lang='grc' dir='ltr'>καί</span> 
     </span>
     <span class='ocr_line' id='line_1_16' title="bbox 242 2533 1507 2627; baseline -0.002 -27"><span class='ocrx_word' id='word_1_138' title='bbox 242 2537 306 2624; x_wconf 81' lang='grc' dir='ltr'>ἔχη</span> <span class='ocrx_word' id='word_1_139' title='bbox 331 2535 348 2602; x_wconf 89' lang='grc' dir='ltr'>ό</span> <span class='ocrx_word' id='word_1_140' title='bbox 373 2538 536 2627; x_wconf 84' lang='grc' dir='ltr'>είρημίνος</span> <span class='ocrx_word' id='word_1_141' title='bbox 559 2543 668 2627; x_wconf 83' lang='grc' dir='ltr'>κόριος</span> <span class='ocrx_word' id='word_1_142' title='bbox 691 2538 855 2613; x_wconf 83' lang='grc' dir='ltr'>Νικόλαος</span> <span class='ocrx_word' id='word_1_143' title='bbox 879 2537 896 2602; x_wconf 88' lang='grc' dir='ltr'>ό</span> <span class='ocrx_word' id='word_1_144' title='bbox 921 2537 1077 2626; x_wconf 82' lang='grc' dir='ltr'>Ἀβοόρης</span> <span class='ocrx_word' id='word_1_145' title='bbox 1101 2540 1136 2602; x_wconf 85' lang='grc' dir='ltr'>τό</span> <span class='ocrx_word' id='word_1_146' title='bbox 1160 2547 1302 2604; x_wconf 79' lang='grc' dir='ltr'>τοιοῦτον</span> <span class='ocrx_word' id='word_1_147' title='bbox 1333 2533 1434 2624; x_wconf 79' lang='grc' dir='ltr'>ἥμισυ</span> <span class='ocrx_word' id='word_1_148' title='bbox 1456 2557 1507 2598; x_wconf 57' lang='grc' dir='ltr'>περ</span> 
     </span>
     <span class='ocr_line' id='line_1_17' title="bbox 240 2657 1504 2751; baseline -0.003 -25"><span class='ocrx_word' id='word_1_149' title='bbox 240 2663 412 2748; x_wconf 85' lang='grc' dir='ltr'>ριβόλειον,</span> <span class='ocrx_word' id='word_1_150' title='bbox 436 2667 551 2738; x_wconf 78' lang='grc' dir='ltr'>καθὼς</span> <span class='ocrx_word' id='word_1_151' title='bbox 570 2663 654 2751; x_wconf 84' lang='grc' dir='ltr'>εἶχεν</span> <span class='ocrx_word' id='word_1_152' title='bbox 679 2659 755 2730; x_wconf 84' lang='grc' dir='ltr'>αότό</span> <span class='ocrx_word' id='word_1_153' title='bbox 780 2669 836 2729; x_wconf 86' lang='grc' dir='ltr'>καί</span> <span class='ocrx_word' id='word_1_154' title='bbox 860 2663 875 2728; x_wconf 91' lang='grc' dir='ltr'>ό</span> <span class='ocrx_word' id='word_1_155' title='bbox 901 2661 1128 2751; x_wconf 84' lang='grc' dir='ltr'>Δερμυκαΐτης,</span> <span class='ocrx_word' id='word_1_156' title='bbox 1154 2661 1235 2750; x_wconf 84' lang='grc' dir='ltr'>όμοῦ</span> <span class='ocrx_word' id='word_1_157' title='bbox 1260 2663 1340 2748; x_wconf 78' lang='grc' dir='ltr'>μετὰ</span> <span class='ocrx_word' id='word_1_158' title='bbox 1364 2669 1419 2726; x_wconf 80' lang='grc' dir='ltr'>τοῦ</span> <span class='ocrx_word' id='word_1_159' title='bbox 1436 2657 1504 2724; x_wconf 88' lang='grc' dir='ltr'>Ῥω-</span> 
     </span>
     <span class='ocr_line' id='line_1_18' title="bbox 242 2783 1508 2877; baseline -0.001 -26"><span class='ocrx_word' id='word_1_160' title='bbox 242 2797 325 2851; x_wconf 82' lang='grc' dir='ltr'>σπτᾶ</span> <span class='ocrx_word' id='word_1_161' title='bbox 349 2785 391 2862; x_wconf 79' lang='grc' dir='ltr'>ὣς</span> <span class='ocrx_word' id='word_1_162' title='bbox 413 2787 495 2854; x_wconf 83' lang='grc' dir='ltr'>ἴδιον</span> <span class='ocrx_word' id='word_1_163' title='bbox 519 2784 616 2853; x_wconf 80' lang='grc' dir='ltr'>αὐτοῦ</span> <span class='ocrx_word' id='word_1_164' title='bbox 641 2799 749 2877; x_wconf 81' lang='grc' dir='ltr'>κτῆμα</span> <span class='ocrx_word' id='word_1_165' title='bbox 772 2793 827 2853; x_wconf 84' lang='grc' dir='ltr'>καί</span> <span class='ocrx_word' id='word_1_166' title='bbox 859 2786 1069 2874; x_wconf 81' lang='grc' dir='ltr'>ἀναφαίρετον</span> <span class='ocrx_word' id='word_1_167' title='bbox 1093 2784 1187 2860; x_wconf 85' lang='grc' dir='ltr'>αότός</span> <span class='ocrx_word' id='word_1_168' title='bbox 1211 2809 1244 2850; x_wconf 88' lang='grc' dir='ltr'>τε</span> <span class='ocrx_word' id='word_1_169' title='bbox 1272 2789 1328 2852; x_wconf 84' lang='grc' dir='ltr'>καί</span> <span class='ocrx_word' id='word_1_170' title='bbox 1353 2783 1383 2850; x_wconf 90' lang='grc' dir='ltr'>οἱ</span> <span class='ocrx_word' id='word_1_171' title='bbox 1406 2785 1508 2850; x_wconf 75' lang='grc' dir='ltr'>παῖδες</span> 
     </span>
     <span class='ocr_line' id='line_1_19' title="bbox 241 2905 1507 3001; baseline -0.006 -25"><span class='ocrx_word' id='word_1_172' title='bbox 241 2915 299 2976; x_wconf 85' lang='grc' dir='ltr'>καί</span> <span class='ocrx_word' id='word_1_173' title='bbox 321 2913 518 3000; x_wconf 77' lang='grc' dir='ltr'>κληρονόμοι</span> <span class='ocrx_word' id='word_1_174' title='bbox 542 2908 654 2994; x_wconf 81' lang='grc' dir='ltr'>αὐτοῦ,</span> <span class='ocrx_word' id='word_1_175' title='bbox 687 2913 758 3001; x_wconf 74' lang='grc' dir='ltr'>ἔχει</span> <span class='ocrx_word' id='word_1_176' title='bbox 781 2913 817 2977; x_wconf 84' lang='grc' dir='ltr'>δὲ</span> <span class='ocrx_word' id='word_1_177' title='bbox 842 2910 887 2978; x_wconf 79' lang='grc' dir='ltr'>ἐπ’</span> <span class='ocrx_word' id='word_1_178' title='bbox 913 2909 1024 2985; x_wconf 85' lang='grc' dir='ltr'>ἀδείας</span> <span class='ocrx_word' id='word_1_179' title='bbox 1047 2923 1144 2976; x_wconf 87' lang='grc' dir='ltr'>ποιεῖν</span> <span class='ocrx_word' id='word_1_180' title='bbox 1168 2907 1213 2976; x_wconf 77' lang='grc' dir='ltr'>ἐπ’</span> <span class='ocrx_word' id='word_1_181' title='bbox 1239 2905 1323 2994; x_wconf 71' lang='grc' dir='ltr'>αὐτῷ</span> <span class='ocrx_word' id='word_1_182' title='bbox 1350 2913 1451 2974; x_wconf 80' lang='grc' dir='ltr'>πάντα</span> <span class='ocrx_word' id='word_1_183' title='bbox 1474 2909 1507 2969; x_wconf 77' lang='grc' dir='ltr'>τὰ</span> 
     </span>
     <span class='ocr_line' id='line_1_20' title="bbox 242 3031 1505 3124; baseline -0.002 -24"><span class='ocrx_word' id='word_1_184' title='bbox 242 3031 339 3100; x_wconf 80' lang='grc' dir='ltr'>πότου</span> <span class='ocrx_word' id='word_1_185' title='bbox 364 3037 537 3123; x_wconf 84' lang='grc' dir='ltr'>βουλητόα,</span> <span class='ocrx_word' id='word_1_186' title='bbox 561 3036 659 3124; x_wconf 82' lang='grc' dir='ltr'>ἤγουν</span> <span class='ocrx_word' id='word_1_187' title='bbox 683 3039 812 3115; x_wconf 79' lang='grc' dir='ltr'>πωλεῖν,</span> <span class='ocrx_word' id='word_1_188' title='bbox 838 3040 995 3124; x_wconf 74' lang='grc' dir='ltr'>χαρίζειν,</span> <span class='ocrx_word' id='word_1_189' title='bbox 1023 3037 1253 3121; x_wconf 81' lang='grc' dir='ltr'>προικοδυτείν,</span> <span class='ocrx_word' id='word_1_190' title='bbox 1278 3031 1505 3099; x_wconf 80' lang='grc' dir='ltr'>ἀνταίλοίττειν.</span> 
     </span>
     <span class='ocr_line' id='line_1_21' title="bbox 240 3157 1506 3249; baseline -0.006 -23"><span class='ocrx_word' id='word_1_191' title='bbox 240 3164 329 3246; x_wconf 82' lang='grc' dir='ltr'>παρὰ</span> <span class='ocrx_word' id='word_1_192' title='bbox 357 3161 494 3248; x_wconf 85' lang='grc' dir='ltr'>μηδενός</span> <span class='ocrx_word' id='word_1_193' title='bbox 522 3163 725 3249; x_wconf 87' lang='grc' dir='ltr'>κωλυόμενος</span> <span class='ocrx_word' id='word_1_194' title='bbox 752 3165 788 3226; x_wconf 88' lang='grc' dir='ltr'>τό</span> <span class='ocrx_word' id='word_1_195' title='bbox 816 3163 966 3247; x_wconf 80' lang='grc' dir='ltr'>παράπαν</span> <span class='ocrx_word' id='word_1_196' title='bbox 995 3157 1055 3224; x_wconf 70' lang='grc' dir='ltr'>ἐστί’</span> <span class='ocrx_word' id='word_1_197' title='bbox 1073 3171 1111 3247; x_wconf 76' lang='grc' dir='ltr'>τῇ</span> <span class='ocrx_word' id='word_1_198' title='bbox 1139 3161 1322 3247; x_wconf 78' lang='grc' dir='ltr'>διακατοχη</span> <span class='ocrx_word' id='word_1_199' title='bbox 1351 3163 1409 3224; x_wconf 86' lang='grc' dir='ltr'>καί</span> <span class='ocrx_word' id='word_1_200' title='bbox 1432 3167 1506 3242; x_wconf 62' lang='grc' dir='ltr'>νομῇ,</span> 
     </span>
     <span class='ocr_line' id='line_1_22' title="bbox 242 3279 1508 3373; baseline -0.006 -23"><span class='ocrx_word' id='word_1_201' title='bbox 242 3281 350 3350; x_wconf 72' lang='grc' dir='ltr'>αὐτοῦ.</span> <span class='ocrx_word' id='word_1_202' title='bbox 376 3291 432 3351; x_wconf 88' lang='grc' dir='ltr'>καί</span> <span class='ocrx_word' id='word_1_203' title='bbox 462 3285 506 3358; x_wconf 80' lang='grc' dir='ltr'>είς</span> <span class='ocrx_word' id='word_1_204' title='bbox 529 3290 584 3373; x_wconf 81' lang='grc' dir='ltr'>τὴν</span> <span class='ocrx_word' id='word_1_205' title='bbox 612 3291 682 3372; x_wconf 85' lang='grc' dir='ltr'>περὶ</span> <span class='ocrx_word' id='word_1_206' title='bbox 710 3288 820 3350; x_wconf 83' lang='grc' dir='ltr'>τούτου</span> <span class='ocrx_word' id='word_1_207' title='bbox 845 3287 1015 3370; x_wconf 88' lang='grc' dir='ltr'>βεβαίωσιν</span> <span class='ocrx_word' id='word_1_208' title='bbox 1038 3283 1163 3364; x_wconf 65' lang='grc' dir='ltr'>ἐγένετο</span> <span class='ocrx_word' id='word_1_209' title='bbox 1191 3287 1247 3349; x_wconf 89' lang='grc' dir='ltr'>καί</span> <span class='ocrx_word' id='word_1_210' title='bbox 1271 3281 1288 3347; x_wconf 85' lang='grc' dir='ltr'>ό</span> <span class='ocrx_word' id='word_1_211' title='bbox 1311 3285 1419 3369; x_wconf 84' lang='grc' dir='ltr'>παριδν</span> <span class='ocrx_word' id='word_1_212' title='bbox 1448 3279 1508 3366; x_wconf 86' lang='grc' dir='ltr'>όρι-</span> 
     </span>
     <span class='ocr_line' id='line_1_23' title="bbox 241 3405 1506 3497; baseline -0.002 -25"><span class='ocrx_word' id='word_1_213' title='bbox 241 3411 321 3494; x_wconf 86' lang='grc' dir='ltr'>σμός</span> <span class='ocrx_word' id='word_1_214' title='bbox 351 3418 406 3496; x_wconf 84' lang='grc' dir='ltr'>της</span> <span class='ocrx_word' id='word_1_215' title='bbox 435 3411 600 3494; x_wconf 77' lang='grc' dir='ltr'>βασιλείας</span> <span class='ocrx_word' id='word_1_216' title='bbox 630 3433 690 3497; x_wconf 92' lang='grc' dir='ltr'>μου</span> <span class='ocrx_word' id='word_1_217' title='bbox 718 3414 836 3476; x_wconf 84' lang='grc' dir='ltr'>κατὰ</span> <span class='ocrx_word' id='word_1_218' title='bbox 873 3419 989 3497; x_wconf 80' lang='grc' dir='ltr'>μῆνα</span> <span class='ocrx_word' id='word_1_219' title='bbox 1025 3408 1285 3494; x_wconf 85' lang='grc' dir='ltr'>όκτιόβρτον</span> <span class='ocrx_word' id='word_1_220' title='bbox 1319 3407 1400 3472; x_wconf 88' lang='grc' dir='ltr'>ίνδ.</span> <span class='ocrx_word' id='word_1_221' title='bbox 1430 3405 1454 3469; x_wconf 86' lang='grc' dir='ltr'>δ’</span> <span class='ocrx_word' id='word_1_222' title='bbox 1480 3409 1506 3482; x_wconf 81' lang='lat'>†.</span> 
     </span>
    </p>

    <p class='ocr_par' dir='ltr' id='par_1_5' title="bbox 329 3532 1419 3622">
     <span class='ocr_line' id='line_1_24' title="bbox 329 3532 1419 3622; baseline -0.003 -24"><span class='ocrx_word' id='word_1_223' title='bbox 329 3537 348 3612; x_wconf 91' lang='lat'>†</span> <span class='ocrx_word' id='word_1_224' title='bbox 385 3533 546 3620; x_wconf 78' lang='grc' dir='ltr'>Θωμᾶς</span> <span class='ocrx_word' id='word_1_225' title='bbox 582 3534 815 3622; x_wconf 80' lang='grc' dir='ltr'>δεσπότης</span> <span class='ocrx_word' id='word_1_226' title='bbox 850 3532 867 3598; x_wconf 89' lang='grc' dir='ltr'>ό</span> <span class='ocrx_word' id='word_1_227' title='bbox 902 3532 1355 3622; x_wconf 75' lang='grc' dir='ltr'>Πορφυροηὲννητος</span> <span class='ocrx_word' id='word_1_228' title='bbox 1391 3537 1419 3611; x_wconf 91' lang='lat'>†.</span> 
     </span>
    </p>

    <p class='ocr_par' dir='ltr' id='par_1_6' title="bbox 329 3663 948 3736">
     <span class='ocr_line' id='line_1_25' title="bbox 329 3663 948 3736; baseline 0.01 -18"><span class='ocrx_word' id='word_1_229' title='bbox 329 3663 420 3719; x_wconf 80' lang='grc' dir='ltr'>Εαίαί</span> <span class='ocrx_word' id='word_1_230' title='bbox 433 3665 465 3718; x_wconf 79' lang='lat' dir='ltr'>in</span> <span class='ocrx_word' id='word_1_231' title='bbox 483 3664 524 3722; x_wconf 78' lang='grc' dir='ltr'>Μ.</span> <span class='ocrx_word' id='word_1_232' title='bbox 542 3665 635 3720; x_wconf 57' lang='lat' dir='ltr'>Ome&amp;</span> <span class='ocrx_word' id='word_1_233' title='bbox 654 3665 860 3736; x_wconf 75' lang='grc' dir='ltr'>Τωτοορταεαία</span> <span class='ocrx_word' id='word_1_234' title='bbox 876 3664 948 3724; x_wconf 77' lang='grc'><em>343.</em></span> 
     </span>
    </p>
   </div>
   <div class='ocr_carea' id='block_1_5' title="bbox 448 3957 1262 4040">
    <p class='ocr_par' dir='ltr' id='par_1_7' title="bbox 448 3957 1262 4040">
     <span class='ocr_line' id='line_1_26' title="bbox 448 3957 1262 4040; baseline 0.001 -17"><span class='ocrx_word' id='word_1_235' title='bbox 448 3991 451 3996; x_wconf 90' lang='grc'><em>·</em></span> <span class='ocrx_word' id='word_1_236' title='bbox 487 3957 566 4024; x_wconf 85' lang='lat' dir='ltr'>XVI.</span> <span class='ocrx_word' id='word_1_237' title='bbox 583 3959 670 4024; x_wconf 82' lang='lat'>6952</span> <span class='ocrx_word' id='word_1_238' title='bbox 687 3961 804 4040; x_wconf 76' lang='lat'>(1444)</span> <span class='ocrx_word' id='word_1_239' title='bbox 820 3978 926 4026; x_wconf 81' lang='lat' dir='ltr'><strong>mense</strong></span> <span class='ocrx_word' id='word_1_240' title='bbox 944 3958 1100 4026; x_wconf 78' lang='lat' dir='ltr'><strong>februario</strong></span> <span class='ocrx_word' id='word_1_241' title='bbox 1116 3957 1180 4026; x_wconf 85' lang='lat' dir='ltr'><strong>ind.</strong></span> <span class='ocrx_word' id='word_1_242' title='bbox 1199 3959 1262 4027; x_wconf 88' lang='lat' dir='ltr'>Vll.</span> 
     </span>
    </p>
   </div>
   <div class='ocr_carea' id='block_1_6' title="bbox 244 4122 1509 4198">
    <p class='ocr_par' dir='ltr' id='par_1_8' title="bbox 244 4122 1509 4198">
     <span class='ocr_line' id='line_1_27' title="bbox 244 4122 1509 4198; baseline 0.002 -22"><span class='ocrx_word' id='word_1_243' title='bbox 244 4122 449 4178; x_wconf 75' lang='grc' dir='ltr'>Οοκοίατιόίτιιιο</span> <span class='ocrx_word' id='word_1_244' title='bbox 469 4123 663 4194; x_wconf 75' lang='grc' dir='ltr'>Ροίατυίορτω</span> <span class='ocrx_word' id='word_1_245' title='bbox 687 4125 806 4197; x_wconf 70' lang='lat' dir='ltr'><strong><em>despota</em></strong></span> <span class='ocrx_word' id='word_1_246' title='bbox 821 4125 965 4183; x_wconf 63' lang='lat' dir='ltr'><em>Domum</em></span> <span class='ocrx_word' id='word_1_247' title='bbox 985 4125 1140 4184; x_wconf 77' lang='grc' dir='ltr'>Μοοιοκοσ</span> <span class='ocrx_word' id='word_1_248' title='bbox 1155 4127 1299 4198; x_wconf 69' lang='grc' dir='ltr'>(ίνοροται</span> <span class='ocrx_word' id='word_1_249' title='bbox 1320 4126 1410 4182; x_wconf 77' lang='lat' dir='ltr'><em>donat</em></span> <span class='ocrx_word' id='word_1_250' title='bbox 1426 4125 1509 4180; x_wconf 83' lang='grc' dir='ltr'>ίοοιιω</span> 
     </span>
    </p>
   </div>
   <div class='ocr_carea' id='block_1_7' title="bbox 716 4249 1043 4308">
    <p class='ocr_par' dir='ltr' id='par_1_9' title="bbox 716 4249 1043 4308">
     <span class='ocr_line' id='line_1_28' title="bbox 716 4249 1043 4308; baseline 0.015 -5"><span class='ocrx_word' id='word_1_251' title='bbox 716 4249 866 4306; x_wconf 75' lang='grc' dir='ltr'>Ρτίτιίονοι</span> <span class='ocrx_word' id='word_1_252' title='bbox 881 4261 908 4306; x_wconf 76' lang='grc' dir='ltr'>σί</span> <span class='ocrx_word' id='word_1_253' title='bbox 923 4253 1043 4308; x_wconf 80' lang='lat' dir='ltr'><strong><em>domum.</em></strong></span> 
     </span>
    </p>
   </div>
   <div class='ocr_carea' id='block_1_8' title="bbox 243 4397 1508 4862">
    <p class='ocr_par' dir='ltr' id='par_1_10' title="bbox 243 4397 1508 4862">
     <span class='ocr_line' id='line_1_29' title="bbox 331 4397 1508 4494; baseline 0.003 -31"><span class='ocrx_word' id='word_1_254' title='bbox 331 4397 500 4485; x_wconf 68' lang='grc' dir='ltr'>βἘπειδή</span> <span class='ocrx_word' id='word_1_255' title='bbox 529 4397 545 4463; x_wconf 91' lang='grc' dir='ltr'>ό</span> <span class='ocrx_word' id='word_1_256' title='bbox 573 4407 631 4486; x_wconf 82' lang='grc' dir='ltr'>κῦρ</span> <span class='ocrx_word' id='word_1_257' title='bbox 659 4400 839 4490; x_wconf 81' lang='grc' dir='ltr'>Δημήτριος</span> <span class='ocrx_word' id='word_1_258' title='bbox 867 4403 1030 4492; x_wconf 87' lang='grc' dir='ltr'>Μαμωνᾶς</span> <span class='ocrx_word' id='word_1_259' title='bbox 1059 4402 1075 4468; x_wconf 89' lang='grc' dir='ltr'>ό</span> <span class='ocrx_word' id='word_1_260' title='bbox 1103 4404 1269 4494; x_wconf 82' lang='grc' dir='ltr'>Γρηγορᾱς</span> <span class='ocrx_word' id='word_1_261' title='bbox 1297 4403 1508 4492; x_wconf 74' lang='grc' dir='ltr'>ἐπροθόμισεν</span> 
     </span>
     <span class='ocr_line' id='line_1_30' title="bbox 244 4520 1508 4618; baseline 0.006 -34"><span class='ocrx_word' id='word_1_262' title='bbox 244 4525 282 4606; x_wconf 81' lang='grc' dir='ltr'>μὲ</span> <span class='ocrx_word' id='word_1_263' title='bbox 310 4523 431 4610; x_wconf 79' lang='grc' dir='ltr'>πολλὴν</span> <span class='ocrx_word' id='word_1_264' title='bbox 459 4520 641 4612; x_wconf 76' lang='grc' dir='ltr'>ἐπιμέλειαν</span> <span class='ocrx_word' id='word_1_265' title='bbox 669 4525 724 4590; x_wconf 89' lang='grc' dir='ltr'>καὶ</span> <span class='ocrx_word' id='word_1_266' title='bbox 753 4529 854 4615; x_wconf 76' lang='grc' dir='ltr'>καλὴν</span> <span class='ocrx_word' id='word_1_267' title='bbox 883 4535 1066 4617; x_wconf 87' lang='grc' dir='ltr'>προαίρεσιν</span> <span class='ocrx_word' id='word_1_268' title='bbox 1096 4529 1141 4602; x_wconf 79' lang='grc' dir='ltr'>εἰς</span> <span class='ocrx_word' id='word_1_269' title='bbox 1165 4533 1220 4616; x_wconf 78' lang='grc' dir='ltr'>τὴν</span> <span class='ocrx_word' id='word_1_270' title='bbox 1244 4539 1299 4595; x_wconf 85' lang='grc' dir='ltr'>τοῦ</span> <span class='ocrx_word' id='word_1_271' title='bbox 1330 4533 1508 4618; x_wconf 74' lang='grc' dir='ltr'>πριντίιπά-</span> 
     </span>
     <span class='ocr_line' id='line_1_31' title="bbox 243 4645 1508 4739; baseline 0.006 -30"><span class='ocrx_word' id='word_1_272' title='bbox 243 4668 298 4710; x_wconf 84' lang='grc' dir='ltr'>που</span> <span class='ocrx_word' id='word_1_273' title='bbox 323 4645 522 4716; x_wconf 82' lang='grc' dir='ltr'>ἀνακάτωσιν</span> <span class='ocrx_word' id='word_1_274' title='bbox 547 4655 602 4715; x_wconf 80' lang='grc' dir='ltr'>καί</span> <span class='ocrx_word' id='word_1_275' title='bbox 629 4654 783 4739; x_wconf 75' lang='grc' dir='ltr'>σόγχησιν</span> <span class='ocrx_word' id='word_1_276' title='bbox 811 4657 865 4717; x_wconf 88' lang='grc' dir='ltr'>καί</span> <span class='ocrx_word' id='word_1_277' title='bbox 890 4653 934 4730; x_wconf 81' lang='grc' dir='ltr'>είς</span> <span class='ocrx_word' id='word_1_278' title='bbox 959 4654 1042 4720; x_wconf 79' lang='grc' dir='ltr'>ἄλλα</span> <span class='ocrx_word' id='word_1_279' title='bbox 1065 4656 1169 4720; x_wconf 84' lang='grc' dir='ltr'>πολλὰ</span> <span class='ocrx_word' id='word_1_280' title='bbox 1195 4653 1371 4722; x_wconf 80' lang='grc' dir='ltr'>αόδεντικὰ</span> <span class='ocrx_word' id='word_1_281' title='bbox 1398 4656 1508 4736; x_wconf 72' lang='grc' dir='ltr'>ἀγωνό</span> 
     </span>
     <span class='ocr_line' id='line_1_32' title="bbox 244 4769 1507 4862; baseline 0.009 -30"><span class='ocrx_word' id='word_1_282' title='bbox 244 4791 363 4856; x_wconf 87' lang='grc' dir='ltr'>σματα,</span> <span class='ocrx_word' id='word_1_283' title='bbox 394 4769 511 4860; x_wconf 81' lang='grc' dir='ltr'>δμοίως</span> <span class='ocrx_word' id='word_1_284' title='bbox 536 4777 575 4860; x_wconf 79' lang='grc' dir='ltr'>μὲ</span> <span class='ocrx_word' id='word_1_285' title='bbox 599 4779 780 4862; x_wconf 82' lang='grc' dir='ltr'>προθυμίαν</span> <span class='ocrx_word' id='word_1_286' title='bbox 804 4779 1024 4852; x_wconf 80' lang='grc' dir='ltr'>τελειώνυντός</span> <span class='ocrx_word' id='word_1_287' title='bbox 1049 4801 1102 4856; x_wconf 86' lang='grc' dir='ltr'>τα,</span> <span class='ocrx_word' id='word_1_288' title='bbox 1132 4777 1218 4844; x_wconf 76' lang='grc' dir='ltr'>ὧσὰν</span> <span class='ocrx_word' id='word_1_289' title='bbox 1247 4783 1349 4856; x_wconf 86' lang='grc' dir='ltr'>καλός</span> <span class='ocrx_word' id='word_1_290' title='bbox 1378 4785 1432 4846; x_wconf 87' lang='grc' dir='ltr'>καί</span> <span class='ocrx_word' id='word_1_291' title='bbox 1459 4802 1507 4844; x_wconf 83' lang='grc' dir='ltr'>πι-</span> 
     </span>
    </p>
   </div>
   <div class='ocr_carea' id='block_1_9' title="bbox 0 0 1562 5264">
    <p class='ocr_par' dir='ltr' id='par_1_11' title="bbox 0 0 1562 5264">
     <span class='ocr_line' id='line_1_33' title="bbox 0 0 1562 5264; baseline 0 0"><span class='ocrx_word' id='word_1_292' title='bbox 0 0 1562 5264; x_wconf 95' lang='lat' dir='ltr'> </span> 
     </span>
    </p>
   </div>
  </div>
 </body>
</html>
