3182 5264
234 323 276 389 16

232 521 455 585 διακελεύεται
486 522 558 596 τοός
588 520 765 598 Πιοσαίους
797 519 842 598 είς
864 525 967 590 πάντα
991 523 1030 588 τὰ
1054 520 1087 586 έν
1109 533 1153 610 τη
1172 517 1396 602 Μεγαλοπόλει
1423 539 1505 606 πρυ·

234 646 441 732 δεδωρημένα
476 641 582 719 αὐτοῖς
616 651 703 732 παρά
726 669 758 713 τε
782 656 837 712 τοῦ
862 645 1011 734 ἀοιδίμου
1046 647 1202 731 βασιλέως
1232 645 1289 710 καί
1315 649 1506 731 προπάππου

234 777 289 856 τῆς
325 769 492 852 βασιλείας
528 791 587 855 μου
610 779 708 857 κυροΐι
732 770 877 847 Ἀλεξίου
903 770 958 836 καί
983 780 1037 836 τοῦ
1072 774 1288 858 περιποθήτου
1321 774 1415 836 θείου
1449 781 1507 858 τῆς

234 883 400 976 βασιλείας
424 915 484 980 μου
507 901 605 979 κυρυό
627 893 791 982 Μανουηλ,
816 901 868 960 τόν
896 919 929 964 πε
947 895 1085 981 ἔμβολον
1108 894 1244 982 δηλαδὴ,
1268 899 1308 960 τὰ
1330 894 1506 982 οἰκήματα,

232 1017 287 1103 την
323 1015 499 1103 ἐκκλησίαν
535 1018 590 1082 σόν
614 1029 653 1104 τῇ
676 1017 749 1104 παρ’
784 1016 887 1084 αὐτῶν
923 1017 1134 1105 ἀνεγερθείση
1170 1017 1258 1092 ἐντὸς
1285 1009 1345 1088 των
1372 1020 1506 1084 δικαίων

233 1137 335 1204 αότων
359 1137 454 1226 ἑτέρα
477 1139 637 1227 ἐκκλησία
659 1146 714 1208 καί
739 1145 794 1228 τὴν
814 1145 970 1224 παράλιον
992 1143 1127 1220 σκόλαν,
1150 1143 1266 1215 καθως
1289 1139 1396 1215 αὐτοῖς
1420 1141 1506 1208 ἐδω-

233 1267 382 1352 ρηθησαν
416 1270 473 1328 καί
507 1269 592 1329 κατὰ
621 1270 660 1330 τὰ
682 1267 844 1352 πρυβοίντα
880 1262 986 1340 αὐτοῖς
1020 1271 1181 1352 πρακτικὰ
1207 1267 1256 1331 έπί
1279 1277 1318 1354 τη
1353 1272 1507 1350 γεγονυίας

231 1392 309 1474 πρὸς
335 1385 449 1463 αὐτοὺς
472 1392 650 1476 παραδόσει
673 1393 799 1457 τούτων.
824 1393 1168 1480 προσεπιριλυτιμεῖται
1191 1393 1226 1456 δὲ
1251 1394 1373 1465 τούτοις
1396 1389 1416 1479 ἡ
1441 1393 1506 1475 βα-

232 1516 336 1579 σιλεία
366 1535 426 1600 μου
453 1513 572 1579 καὶτὰ
597 1513 819 1602 ἐνοικικὰτῆς
851 1525 949 1603 μονῆς
980 1525 1036 1580 τοῦ
1062 1525 1121 1602 κῦρ
1148 1514 1317 1582 Ἀντωνίου
1345 1520 1383 1580 τὰ
1407 1515 1444 1580 έν
1464 1519 1510 1602 τῴ

233 1643 436 1724 γενησομένῳ
476 1636 581 1712 αὐτοῖς
623 1639 790 1724 πρακτικῷ
832 1640 1091 1726 δηλωθησόμενα
1128 1645 1185 1702 καί
1224 1639 1341 1725 ἔχοντα
1380 1639 1507 1706 εἴσοδον

233 1759 362 1847 ἐτησίαν
386 1767 567 1848 νομίσματα
591 1759 750 1849 ότέρπυρα
773 1763 927 1827 διακόσια
950 1765 1227 1848 τεσσαρακονταέξ
1247 1768 1302 1828 καί
1323 1765 1378 1849 την
1400 1785 1505 1850 προα-

231 1889 444 1972 ριερωθείσαν
480 1888 604 1951 σκοίλαν
640 1885 673 1950 έν
699 1897 740 1974 ιη
767 1889 946 1970 τοποθεσία
964 1896 1036 1974 ’τῆς
1070 1885 1291 1973 Ἱκανατίσσης
1325 1891 1412 1971 παρὰ
1446 1898 1506 1975 τῆς

232 2011 400 2094 βασιλείας
425 2033 484 2096 μου
502 2011 551 2096 ’τῷ
574 2009 648 2097 παρ’
672 2003 770 2098 αὐτῆς
792 2014 1057 2098 καινουργηθέντι
1088 2011 1194 2086 ξενωνι
1219 2011 1251 2074 ἐν
1273 2011 1316 2096 τῴ
1339 2014 1506 2097 σεβασμίῳ

230 2134 296 2221 ναῷ
318 2145 379 2200 τῶν
403 2133 501 2216 ἁγίων
536 2137 684 2221 μεγάλων
720 2138 882 2221 μαρτύρων
912 2134 1172 2222 Τεσσαροίκοντα.
1205 2131 1329 2200 εὐδοκεῖ
1352 2135 1387 2198 δέ
1412 2135 1506 2200 δίδο-

231 2261 311 2324 σθαι
334 2263 390 2323 καί
412 2260 507 2323 πάλιν
524 2269 563 2345 τῇ
588 2258 619 2324 ἐν
640 2271 676 2346 ιη
700 2257 807 2345 Πίσση
831 2257 989 2345 ἐκκλησίᾳ
1012 2263 1051 2324 τὰ
1075 2263 1276 2346 τετυπωμένα
1293 2256 1373 2344 αὐτῇ
1390 2257 1506 2345 ἐτήσια

231 2384 399 2468 σολέμνια,
436 2387 475 2446 τὰ
497 2387 692 2447 πεντακόσια
719 2383 845 2470 δηλαδὴ
870 2379 1031 2469 ὑπέρπυρα
1051 2387 1170 2446 καίτοι
1194 2385 1250 2447 δύο
1276 2385 1423 2466 βλαττία,
1458 2381 1504 2456 ὡς

230 2511 285 2570 καί
308 2510 394 2591 παρὰ
418 2515 480 2592 τῆς
509 2507 675 2590 βασιλείας
700 2529 759 2592 μου
784 2503 913 2591 ἀρτίως·
933 2495 1117 2572 κοπωθέντα
1154 2504 1235 2592 αὐτῇ
1267 2508 1320 2570 διὰ
1345 2509 1399 2591 τὴν
1422 2505 1504 2590 πρὸς

230 2631 284 2716 την
309 2631 475 2714 βασιλείαν
513 2653 573 2716 μου
596 2636 697 2696 πίστιν
720 2633 777 2694 καί
800 2631 947 2694 δουλείαν
982 2639 1038 2694 τοῦ
1062 2631 1202 2714 κάοτρου
1225 2633 1281 2694 καί
1307 2641 1364 2716 τῆς
1394 2635 1506 2716 χώρας

229 2765 284 2842 τῆς
311 2755 444 2841 Πίσσης,
466 2758 660 2841 προστίθησι
677 2755 712 2818 δέ
728 2757 849 2826 τουτοις
873 2757 929 2817 καί
949 2752 1043 2839 ἕτερα
1061 2751 1219 2839 δτέμπυρα
1242 2752 1367 2832 ἑκατὸν,
1391 2752 1502 2818 ιδσαιί-

229 2903 289 2954 τως
312 2885 368 2944 καί
390 2881 436 2964 τηῖ
458 2883 633 2966 τιμιωτάτῳ
659 2877 900 2965 ἀρχιεπιακόπῳ
918 2877 1041 2962 Πίσσης
1062 2881 1096 2942 τό
1117 2885 1395 2966 προτετυπωμένον
1418 2876 1507 2965 αὐτῷ

227 3003 305 3069 καθ’
324 3003 466 3069 ’ἕκαστον
492 3002 633 3068 ἐνιαυτόν
658 3005 834 3089 σολέμνιον,
860 3007 898 3066 τὰ
923 3001 1077 3088 ἑξήκοντα
1102 3005 1249 3089 δηλονότι
1270 2999 1429 3090 όπέρπυρα
1445 3005 1505 3068 καί

227 3132 263 3194 τό
288 3129 321 3193 ἓν
346 3131 508 3213 βλαττίον,
546 3126 588 3201 ὣς
612 3131 668 3191 καί
693 3121 777 3212 αὐτῷ
799 3137 852 3191 νῦν
877 3124 996 3212 ὁμοίως
1020 3129 1164 3192 τυπωθὲν
1193 3131 1278 3212 παρὰ
1314 3137 1370 3214 τῆς
1404 3131 1504 3211 βασι-

228 3255 319 3326 λείας
344 3273 419 3339 μου,
450 3255 645 3338 προστίθησι
668 3251 703 3315 δὲ
729 3253 827 3336 τυιίτῳ
857 3255 914 3314 καί
938 3250 985 3323 είς
1004 3254 1172 3336 πρόσωπον
1196 3259 1251 3314 τοῦ
1275 3259 1327 3315 νῦν
1351 3250 1502 3337 ἀρχιεπι-

228 3381 350 3442 σκόπου
384 3381 440 3440 καί
474 3375 569 3460 ἕτερα
594 3372 752 3460 δπέρπυρα
786 3373 865 3438 καθ’
888 3373 1025 3438 ἕκαστον
1053 3374 1124 3446 ἔτος
1157 3377 1412 3460 τεσσαράκοντα,
1443 3383 1503 3441 καί

227 3487 407 3586 διορίζεται
434 3503 635 3587 κατέχεσθαι
660 3504 698 3563 τὰ
733 3509 864 3564 τοιαῦτα
898 3503 1000 3564 πάντα
1023 3504 1109 3584 παρὰ
1133 3507 1187 3562 τοῦ
1220 3504 1334 3584 μέρους
1357 3509 1412 3566 τοῦ
1435 3506 1502 3564 κτί-

228 3647 320 3711 στροο
348 3629 404 3690 καί
432 3633 488 3712 τῆς
516 3627 624 3710 χώρας
648 3633 703 3709 τῆς
727 3623 852 3710 Πίσσης
876 3623 920 3696 είς
943 3625 1015 3696 τούς
1039 3622 1109 3710 ἑξῆς
1142 3621 1284 3696 ἅπαντας
1310 3623 1366 3688 καὶ
1389 3622 1501 3711 διηνε-

226 3762 292 3823 κεῖς
317 3753 449 3836 χρόνους
470 3753 557 3812 κατὰ
580 3751 614 3812 τό
639 3753 851 3834 γενησόμενον
873 3752 1048 3833 πρακτικόν
1072 3757 1128 3834 της
1150 3750 1501 3834 τοιίτωνπαραδόσεως

225 3877 303 3959 πρὸς
327 3873 400 3946 τους
423 3873 663 3960 διαληφθέντας
688 3872 947 3958 ἀποκριοιαρίυυς
972 3869 1073 3936 αὐτῶν
1097 3877 1182 3956 παρυί
1206 3893 1239 3936 τε
1259 3884 1319 3938 τῶν
1344 3893 1500 3959 γραμμα-

226 4006 321 4063 τικίόν
345 4005 400 4084 τῆς
425 3995 590 4079 βασιλείας
615 4017 684 4082 μου,
709 4004 763 4060 τοῦ
784 4019 816 4060 τε
834 3995 1024 4060 Πεδιαδίτου
1042 3995 1289 4072 Κωνσταντίνου,
1314 4006 1368 4061 τοῦ
1393 4021 1496 4082 μεγα-

225 4125 496 4210 λεπιιρανεστοίτυυ
519 4121 832 4207 πρωτονωβελισίμου
858 4120 990 4205 Σερηίυυ
1014 4129 1068 4183 τοῦ
1092 4120 1224 4204 Κολυβᾶ
1248 4127 1304 4185 καί
1328 4132 1383 4186 τοῦ
1407 4123 1499 4188 δεσυ-

228 4249 374 4332 μωτοίτου
398 4245 639 4312 Κωνσταντίνου
663 4253 717 4308 τοῦ
740 4243 917 4330 Πετριυίτου
942 4245 977 4308 τό
1001 4250 1059 4308 καί
1080 4249 1350 4331 καταστρωθῆναι
1371 4243 1500 4333 δρεῖλον

225 4378 289 4443 τοῖς
311 4373 502 4458 προσφόροις
526 4373 688 4454 σεκμέτοις
705 4369 760 4432 σὺν
777 4367 819 4453 τῷ
843 4371 973 4452 παρόντι
997 4369 1225 4454 χρυσοβοόλλιμ
1243 4379 1305 4455 τῆς
1320 4363 1498 4452 ’βασιλείας

227 4501 287 4580 μου
310 4497 367 4558 καί
391 4491 630 4580 ἀπυκερδαίνειν
659 4493 730 4565 τούς
759 4491 935 4565 Πισσαίους
962 4503 1068 4555 πᾶσαν
1093 4492 1146 4577 την
1172 4492 1204 4566 έΕ
1227 4490 1328 4557 αὐτῶν
1361 4494 1498 4574 εἴσοδον,

226 4624 282 4707 την
306 4643 338 4685 τε
362 4629 415 4684 νῦν
439 4617 537 4684 οὖσαν
561 4623 617 4682 καί
642 4619 696 4704 τήν
721 4616 876 4703 ἐσομένην
900 4614 933 4691 ἐξ
956 4617 1166 4703 ἐπιποιήσεων
1191 4613 1292 4682 αὐτῶν
1321 4617 1407 4693 ἐντός
1436 4629 1498 4684 τῶν

222 4745 489 4834 παραδεδομένων
524 4741 629 4817 αὐτοῖς
655 4745 792 4828 ουνόρων
827 4745 1008 4828 γινομένων,
1044 4745 1156 4826 μέχρις
1191 4741 1229 4806 ἂν
1259 4745 1313 4828 ’τὴν
1337 4747 1413 4829 πρός
1438 4743 1496 4832 τὴν

357 5093 364 5126 ί
