3148 5268
241 345 284 410 94

245 538 367 611 σιλείας
390 534 479 626 ήμῶν
505 538 657 604 διύκουσι
680 542 818 614 τούτους·
844 537 899 606 ἐὰν
922 541 958 604 δέ
982 563 1063 614 τινες
1088 538 1216 606 ἔσονται
1241 541 1273 606 ἐν
1290 533 1395 615 αύιοῑς
1419 542 1513 628 δεχί-

244 681 333 746 μενοι
368 661 440 736 τούς
476 664 636 739 τοιούτους
671 669 897 750 κουρσαρίους,
933 667 990 728 καί
1018 660 1147 750 πύρωσιν
1172 663 1234 730 ἀπὸ
1266 673 1321 752 τῆς
1349 665 1515 748 βασιλείας

244 783 332 872 ήμῶν
356 789 512 864 κάκωσιν,
534 785 587 854 ἵνα
611 789 654 874 μή
680 787 829 874 ἀνέχηται
852 785 872 876 ή
898 789 1044 872 βασιλεία
1068 785 1155 876 ήμῶν
1180 787 1224 861 είς
1253 790 1305 856 τὸν
1333 784 1429 874 ὅρκον
1454 785 1514 852 αὐ·

244 919 300 996 της
322 909 420 979 ἕνεκα
444 920 498 997 τής
522 915 697 986 κακῶσιως
721 919 776 997 τῆς
801 917 966 999 γινομένης
994 912 1039 986 εἰς
1063 913 1136 985 τούς
1160 909 1417 998 ἀναδεχομένους
1442 915 1515 984 τούς

131 1095 135 1106 ,
243 1037 404 1108 τοιούτους
427 1041 651 1122 κουρσαρίους,
681 1035 724 1108 ῶς
749 1035 878 1123 εἴρηται.
914 1035 966 1100 ἵνα
995 1035 1050 1100 ἐὰν
1075 1038 1180 1124 συμβῇ
1204 1039 1357 1116 γενέσθαι
1384 1035 1429 1108 είς
1459 1041 1515 1108 τὰς

243 1160 426 1247 περιλήψτις
454 1171 514 1224 τῶν
543 1163 689 1224 τοιούτων
719 1172 904 1247 συμφωνιῶν
933 1159 989 1226 καί
1019 1171 1075 1247 τής
1100 1162 1215 1246 τρὲβας
1240 1161 1373 1249 σφάλμα
1397 1183 1425 1225 τι
1451 1157 1513 1223 ἀπύ

244 1291 298 1348 τού
321 1287 441 1370 μέρους
469 1292 524 1348 τού
553 1285 669 1356 δουκύς
704 1281 806 1350 αύιῶν
841 1287 901 1348 καί.
931 1293 986 1350 τοῦ
1014 1289 1204 1370 κουμουνίου
1237 1294 1291 1370 της
1319 1281 1514 1370 Βενειίαςή

244 1417 303 1472 τῶν
329 1407 514 1486 Βενιτίκων,
539 1404 576 1472 ού
601 1410 712 1474 διὰτὸ
737 1417 878 1474 τοιοῦτον
907 1411 1040 1496 σφάλμα
1069 1406 1122 1472 ἵνα
1149 1409 1296 1494 καταλύη
1319 1404 1339 1494 ή
1365 1409 1515 1492 βασιλεία

243 1529 332 1620 ήμῶν
356 1530 393 1596 ίκ
417 1542 472 1598 τού
499 1529 552 1598 ἀπ’
577 1533 727 1598 ἐντεῦθεν
752 1534 807 1620 τήν
832 1534 960 1618 τρέβαν,
985 1538 1041 1597 καί
1065 1543 1137 1620 κινῇ
1161 1530 1232 1596 κατ’
1262 1529 1364 1596 αύτῶν
1393 1535 1515 1618 μάχην,

244 1654 314 1722 ἀλλ’
337 1655 390 1722 ἵνα
413 1658 508 1724 δύσει
532 1663 600 1744 περί
624 1669 679 1726 τού
703 1661 846 1723 τοιούτου
874 1658 1061 1746 σφάλματος
1093 1655 1213 1744 εἴδησιν
1244 1653 1350 1728 αύτοῐς
1373 1652 1392 1742 η
1419 1658 1516 1738 βασι·

242 1783 314 1848 λιία
337 1777 440 1869 ἡμῶν,
464 1787 520 1848 καί
543 1787 673 1870 γένηται
696 1791 750 1848 τού
773 1784 917 1848 τοιούτου
950 1782 1137 1870 σφάλματος
1165 1781 1335 1864 διόρθωσις
1354 1776 1427 1865 παρ’
1454 1777 1514 1843 afr·

242 1916 312 1970 τῶν·
337 1903 486 1982 ὡσαύτως
503 1905 558 1972 ἐάν
576 1909 680 1994 συμβή
705 1909 858 1986 γενέσθαι
883 1906 1015 1994 σφάλμα
1032 1928 1060 1968 τι
1085 1903 1147 1970 ἀπύ
1173 1913 1227 1968 τού
1251 1909 1365 1990 μέρους
1382 1912 1437 1990 τῆς
1455 1906 1515 1988 βα-

243 2030 364 2104 σιλείας
399 2027 487 2118 ἡμῶν
512 2030 556 2104 τίς
584 2034 619 2096 ιδ
648 2034 743 2118 μέρος
770 2043 830 2096 τῶν
858 2029 1033 2098 Βενειίκων
1068 2033 1123 2094 καί
1151 2038 1206 2092 τού
1238 2033 1426 2112 κουμουνίου
1460 2039 1517 2114 της

241 2155 391 2230 Βενετίας
421 2155 466 2230 είς
494 2158 549 2242 τήν
579 2159 725 2244 τοιαύτην
750 2158 862 2242 τρέβαν
890 2161 945 2220 καί
974 2159 1013 2220 τὰ
1041 2155 1204 2240 κεφάλαια
1233 2165 1292 2220 τῶν
1317 2166 1516 2242 συμφωνιῶν,

243 2277 279 2344 οὐ
305 2281 366 2366 μήν
394 2281 542 2366 καταλύῃ
570 2277 666 2354 αύτύς
695 2303 728 2345 τε
751 2277 768 2344 ὁ
793 2281 867 2355 δούς
901 2285 956 2344 καί
985 2283 1020 2344 τύ
1054 2281 1242 2364 κουμούνιον
1278 2288 1334 2364 τής
1362 2278 1517 2352 Βενετίας

243 2409 299 2470 καί
319 2404 349 2470 σί
364 2405 527 2472 Βενίτικοι
550 2407 605 2493 τήν
629 2408 753 2490 τρέβαν,
778 2411 833 2472 καί
857 2416 968 2470 κινῶσι
985 2409 1105 2492 μάχην,
1130 2401 1200 2470 ἀλλ’
1223 2403 1276 2468 ἵνα
1293 2406 1423 2469 διδῶται
1440 2404 1515 2489 παρ’

243 2527 344 2596 αὐτῶν
368 2535 438 2617 περί
462 2533 573 2596 τούτου
596 2529 718 2618 εἴδησις
742 2541 779 2618 τη
805 2531 952 2614 βασιλεία
976 2527 1075 2618 ήμῶν,
1100 2534 1156 2594 καί
1181 2535 1311 2616 γένηται
1326 2527 1398 2614 παρ’
1416 2526 1518 2615 αύτής

244 2652 264 2743 ή
290 2657 462 2740 διόρθωσις
485 2665 540 2720 τού
565 2657 707 2720 τοιούτου
731 2655 927 2744 σφάλματος.
952 2651 1004 2718 ίνα
1029 2651 1083 2718 ἐὰν
1107 2659 1345 2740 πραγματευταί
1367 2653 1428 2718 ἀπὸ
1454 2665 1518 2718 τῶν

244 2789 355 2866 χωρῶν
394 2789 445 2865 της
481 2781 646 2863 βασιλείας
681 2776 769 2866 ήμῶν
804 2779 987 2866 θελήσωσιν
1016 2779 1061 2854 είς
1090 2780 1144 2864 τήν
1172 2777 1320 2843 Βενετίαν
1355 2778 1518 2843 εἰσελθεῖν

245 2905 324 2990 μετὰ
351 2914 589 2990 πραγματειῶν,
624 2903 796 2990 πωλήσωσι
828 2906 944 2976 ταύτας
969 2901 1156 2982 ἀκωλύτως,
1187 2903 1447 2988 καταβάλλοντες
1480 2906 1518 2966 τύ

244 3034 439 3116 κομμέρκιον
468 3032 502 3094 τδ
526 3025 598 3118 παρ’
627 3026 728 3094 αύιῶν
752 3032 876 3116 ταχθέν
900 3033 956 3096 καί
979 3039 1033 3094 τοῦ
1057 3035 1247 3116 κουμουνίου
1270 3039 1327 3116 ιής
1351 3029 1505 3102 Βενετίας

244 3150 281 3218 ἐκ
309 3161 365 3218 τού
392 3151 492 3218 ἄλλου
520 3155 555 3218 δέ
585 3157 700 3239 μέρους
728 3154 879 3228 ῶσαύτως
911 3150 929 3218 ὁ
956 3155 1150 3241 προρρηθείς
1180 3155 1255 3228 δούς
1286 3149 1361 3240 ύπέρ
1397 3151 1516 3218 ἑαυτοῦ

243 3280 299 3342 καί
326 3286 381 3363 τής
405 3279 522 3364 βουλής
550 3274 647 3342 αὐτοῦ
681 3282 737 3342 καί
765 3280 881 3351 παντὸς
910 3285 965 3342 τού
1000 3284 1189 3364 κουμουνίου
1223 3277 1387 3358 Βενετίας,
1425 3283 1516 3364 σχῶν

244 3399 354 3468 ἄδειαν
377 3406 432 3468 καί
456 3404 550 3483 λόγον
574 3400 647 3486 παρ’
673 3399 769 3489 αύτής
794 3413 849 3490 τής
873 3404 989 3489 βουλῆς
1013 3407 1068 3468 καί
1093 3412 1148 3467 τού
1168 3408 1356 3488 κουμουνίου
1378 3413 1433 3490 τής
1450 3401 1517 3468 Βε-

243 3530 347 3600 νετίας
371 3535 426 3591 τού
451 3524 569 3613 δμὸσαι
593 3530 672 3613 μετὰ
696 3535 750 3613 της
768 3528 933 3614 θελήσεως
951 3523 1052 3591 αὐτῶν
1076 3527 1180 3592 έπάνω
1197 3537 1256 3591 τῶν
1273 3532 1382 3614 ψυχῶν
1399 3524 1516 3606 αὐτῶν,

244 3645 413 3740 ύποσχεθή
448 3650 519 3740 ἡμῖν
547 3657 602 3721 καί
633 3663 670 3738 τη
695 3653 843 3736 βασιλεύοι
877 3649 979 3739 ήμῶν,
1012 3657 1068 3716 καί
1100 3652 1144 3726 είς
1173 3657 1211 3718 τὰ
1235 3650 1312 3733 ἅγια
1343 3661 1398 3718 τοῦ
1430 3659 1516 3720 θεοῦ

243 3768 416 3856 εὐαγγέλια
440 3774 632 3862 έπομύοεται
656 3781 712 3842 καί
737 3776 780 3849 είς
804 3779 856 3840 τύν
880 3775 991 3863 ἀληθῆ
1015 3780 1071 3840 καί
1093 3778 1266 3862 σεβάσμιον
1291 3781 1435 3864 σταυρὸν,
1460 3779 1515 3842 ἵνα

243 3897 306 3966 ἀπὸ
341 3909 396 3986 της
429 3903 567 3987 σήμερον
590 3895 726 3986 ἡμέρας,
763 3896 831 3986 ήτις
868 3898 950 3966 ἐστὶν
986 3901 1239 3988 έννακαιδεκάτη
1274 3911 1329 3968 τού
1356 3907 1515 3988 παρόντος

243 4027 377 4109 μαρτίοο
401 4027 498 4110 μηνὸς
523 4032 577 4109 της
611 4029 754 4110 πέμπτης
777 4022 984 4102 ὶνδιιιτιῶνος,
1022 4025 1085 4088 ἔτει
1109 4023 1171 4089 ἀπὸ
1199 4035 1255 4111 τής
1283 4031 1517 4102 καταστάσεως

244 4153 299 4210 τού
322 4150 445 4233 κύσμου
467 4145 744 4234 ἑξακισχιλιοστού
768 4147 1020 4213 έπταιιοσιοοιού
1049 4146 1268 4234 δηδοηκοστού
1296 4155 1440 4236 πέμπτῳ,
1465 4153 1515 4216 εἴ·

244 4289 315 4336 τουν
340 4267 401 4337 ἀπδ
425 4281 481 4358 τής
506 4269 732 4356 ἐνσαρκῶσεως
761 4280 815 4336 τού
839 4278 948 4358 κυρίου
972 4273 1124 4359 χιλιοστῴ
1150 4275 1364 4360 διακοσιοστῷ
1390 4272 1513 4362 ὀηδοη-

243 4393 350 4480 κοσιιρ
377 4401 506 4482 πέμπτιρ
529 4399 615 4460 κατὰ
645 4397 697 4484 τήν
721 4401 806 4483 παρὰ
830 4408 889 4462 τῶν
914 4396 1058 4482 Γραικῶν
1094 4397 1328 4487 ἀπαρίθμησιν,
1364 4405 1449 4466 κατὰ
1476 4403 1516 4465 δὲ

243 4523 298 4610 τήν
321 4527 407 4608 παρὰ
435 4532 494 4588 τῶν
517 4520 661 4588 Λατίνων
698 4521 759 4588 ἀπὸ
788 4532 843 4608 τής
872 4521 1099 4609 ἑνσαρκύσεως
1135 4534 1189 4588 ιού
1217 4535 1327 4610 κυρίου
1363 4527 1521 4615 χιλιοστῴ

243 4647 456 4732 διακοσιοστῷ
478 4644 707 4734 ίβδομηκοστῷ
730 4645 872 4732 έβδύμιρ,
896 4649 1073 4736 φυλάξασιν
1099 4645 1116 4711 ὁ
1141 4649 1216 4726 δούξ
1238 4653 1293 4716 καί
1316 4655 1351 4716 τύ
1375 4657 1517 4738 κουμού·

243 4795 307 4842 νιον
330 4783 386 4864 τής
411 4773 559 4866 Βινιτίας
587 4777 642 4838 καί
665 4771 694 4836 οἱ
716 4771 879 4840 Βενίτικοι
909 4780 964 4840 καί
995 4779 1195 4864 κρατήσωσιν
1224 4777 1334 4864 ἀληθῆ
1364 4783 1418 4844 καί
1448 4801 1517 4846 κοι-
