3114 5264
1253 351 1318 416 ²61

61 542 84 604 οἱ
109 547 219 614 ιιιίντες
251 539 381 626 Γραικοὶ
411 551 465 628 της
494 545 592 626 νήσου
619 541 712 620 Χίου,
750 539 883 620 εύχενείς
914 549 969 608 καί
998 541 1027 606 οί
1056 545 1204 608 καθόλου
1239 546 1321 610 λαοδ

60 665 168 730 αίύνιοι
192 668 249 730 καί
272 669 462 730 τιστύτατοι
485 664 596 729 δούλοι
620 663 685 752 μετ’
710 661 866 749 εἰλαβούς
891 670 947 732 καί
969 667 1101 751 ταττινής
1118 663 1318 753 ἀρεκοομαν-

60 791 167 864 τισιούς
194 789 459 878 παρακαλοῦντες
487 789 661 874 δσιιύμεθα.
691 792 725 854 τύ
752 789 994 876 αἰδέσιμον,καί
1016 793 1194 856 πανσεττον
1219 809 1318 876 μονα-

61 917 179 1000 ττήριον
202 910 223 1000 ἡ
246 911 317 980 Νέα
339 911 444 998 Μονή,
470 915 505 976 τύ
529 916 624 999 μόνον
653 911 829 1000 ἀναψύχων
858 923 917 978 τύν
945 910 1105 1000 ἡμετέρων
1133 917 1257 1000 ψυχῶν,
1285 918 1320 980 τύ

60 1037 215 1125 ἀγαπητὸν
231 1041 287 1104 καί
303 1033 537 1120 εὐλαβέστστον
560 1039 808 1125 κατοικητήριον
831 1040 936 1124 πάσης
960 1035 1105 1118 Ἐλάδος,
1129 1033 1206 1103 ὄντα
1230 1035 1319 1106 ύσττ·

58 1168 174 1248 ριμένυν
208 1167 266 1228 καί
299 1163 545 1248 έξεχυμνομένον
580 1160 643 1228 ἀπὸ
679 1165 747 1228 τινὰ
779 1162 866 1226 ἴδεια
900 1159 999 1228 αύτού
1033 1157 1230 1230 ύιτοστατικὰ
1263 1167 1321 1228 καί

58 1290 135 1354 καλὰ
158 1287 222 1354 ἀττό
246 1289 300 1354 τύν
324 1291 504 1376 μακαρίτην
528 1284 650 1352 ἐκεῖνον
678 1290 769 1372 μισέρ
793 1285 956 1372 Γαμττριέλ
978 1285 1167 1354 Ἰοοατοονία
1190 1286 1319 1354 Ῥεκανέ

57 1419 103 1478 καί
127 1416 219 1498 μισέρ
246 1411 406 1478 Φίλιππον
436 1409 538 1488 Πατέ,
567 1407 678 1484 οἵτινες
705 1408 765 1486 έιες
794 1411 849 1498 τήν
878 1414 1017 1497 σήμερον
1046 1421 1201 1496 κρατοῦσι
1228 1407 1320 1490 αὐτὰ,

56 1534 121 1602 ὅτε
145 1541 238 1622 μισέρ
262 1535 423 1610 Φίλιττιτος
447 1531 596 1610 Ῥεκανές
618 1537 676 1600 καί
700 1537 792 1621 μισίρ
816 1533 1044 1618 Φμαντίέσκος
1068 1533 1182 1614 Πατές,
1206 1534 1238 1600 οἱ
1260 1533 1322 1600 οἰοί

56 1657 159 1739 τίτύν,
184 1661 220 1726 τύ
244 1661 280 1724 δέ
305 1656 385 1724 αύτύ
408 1661 621 1746 μοναατήριον
649 1657 824 1746 ἐρχόμενον
846 1657 892 1733 εἰς
914 1663 1051 1746 τττοχίαν
1079 1663 1135 1726 καί
1158 1659 1202 1745 μή
1224 1659 1321 1726 δυναί-

56 1806 143 1872 μενον
170 1786 302 1854 διοικεῖν
326 1783 399 1858 τούς
422 1783 585 1870 μοναχούς
613 1779 726 1861 αὐτού,
750 1783 885 1858 δούλους
913 1784 995 1848 θεού
1022 1785 1079 1848 καί
1105 1779 1240 1870 εύχέτας
1264 1794 1321 1871 τῆς

56 1907 219 1982 ιύθεντίας
242 1931 319 1988 σας,
348 1905 571 1995 έσομιρύνισαν
594 1905 625 1972 υἱ
653 1902 806 1994 ῥηθέντες
835 1911 929 1994 μισέρ
959 1906 1117 1981 Φίλιππος
1144 1911 1201 1972 καί
1225 1911 1320 1994 μισέρ

56 2033 276 2118 Φραντζέακος
302 2031 348 2106 εἰς
378 2033 433 2119 τήν
461 2035 565 2118 κρίσιν
592 2039 648 2118 τῆς
677 2029 852 2116 ἐπισκοπῆς
878 2029 973 2104 Χίου,
997 2034 1054 2096 καί
1071 2034 1244 2115 τυττύνοντρ
1267 2032 1318 2098 δι-

54 2167 147 2234 καίας
171 2161 207 2224 τύ
232 2153 334 2246 ῥηθέν
359 2159 571 2244 μοναστήριον
595 2156 649 2242 τήν
673 2153 788 2222 ἑαυτοῦ
815 2156 943 2222 δικαίαν
967 2159 1099 2243 ζήτησιν
1120 2161 1178 2222 καί
1199 2161 1319 2246 τρυσέ-

54 2305 140 2370 ρτρον
164 2283 220 2348 διὰ
241 2283 349 2348 πολύν
373 2289 500 2372 ηραρύν
524 2279 579 2366 τήν
603 2277 767 2366 εἰρεμένην
790 2278 905 2358 αἰτίαν,
927 2277 974 2354 εἰς
996 2279 1055 2367 τήν
1077 2277 1187 2346 δτοῐαν
1206 2278 1318 2370 δττρο-Ι

54 2412 160 2494 μηθείς
184 2409 278 2494 μισέρ
301 2405 463 2478 Φίλιατος
487 2401 745 2490 ἀπολογούμενος
772 2406 940 2491 πορεύεται
962 2407 1019 2470 καὶ
1041 2401 1059 2470 δ
1084 2400 1195 2492 ῥηθείς
1222 2409 1318 2494 μεσέρ

53 2532 272 2618 Φραντίέσκυς
299 2528 407 2602 Πατές
435 2528 489 2592 δέν
514 2525 734 2614 έμττιστεύεται
760 2527 806 2602 εἰς
841 2529 896 2615 τήν
923 2527 1036 2594 ύδικον
1071 2527 1176 2596 αἰτίαν
1207 2525 1315 2612 αύτού,

53 2661 102 2722 καί
129 2657 270 2722 θέλοντα
299 2657 380 2740 μετὰ
409 2656 612 2738 μακροτάτου
639 2659 754 2737 καιροῦ
782 2655 839 2718 καί
867 2656 947 2739 μετὰ
976 2651 1090 2729 έξύδυν
1118 2657 1176 2720 καί
1204 2675 1319 2740 τειρα-

54 2792 133 2868 τμιῑιν
155 2783 192 2846 τὸ
216 2775 318 2866 ῥηθέν
343 2779 555 2864 μοναστήριον
578 2778 614 2842 τύ
645 2779 747 2866 ατοχύ
775 2781 831 2842 καί
861 2774 1015 2844 ἀδύνατον
1042 2781 1083 2844 νὰ
1109 2780 1146 2844 τύ
1172 2782 1318 2866 κυοριίση

52 2905 86 2970 δι’
102 2905 170 2980 ένύς
188 2905 307 2992 μερέβε
324 2911 379 2968 τού
395 2899 575 2982 ἁχιυτοίτου
592 2899 767 2988 ἀρχιτρέυς
784 2899 1054 2990 ἀναστ[μ]ίροντα
1069 2903 1125 2988 τήν
1149 2901 1316 2990 εἰρημένην

53 3030 148 3095 αἰτίαν
176 3027 382 3115 έκβληθήναι
416 3022 480 3090 ἀττύ
514 3023 570 3110 την
605 3023 772 3112 εἰρημένην
806 3029 909 3110 κρίσιν
944 3033 1000 3112 τῆς
1034 3024 1225 3112 ίτιακυττης,
1260 3030 1318 3092 καί

54 3153 199 3242 ἐποίησαν
226 3155 284 3218 καί
312 3148 498 3236 ύρδινίασαν
525 3145 624 3236 αύτήν
648 3147 693 3222 εἰς
717 3149 772 3234 τήν
795 3147 955 3234 Γένουβαν
983 3147 1029 3223 εἰς
1052 3149 1109 3214 δύο
1133 3147 1317 3236 αἰδεσίμους

53 3278 235 3352 κανονικυύς
255 3274 416 3362 ἀγαπητοί
438 3277 495 3338 καί
517 3273 605 3362 φίλοι
624 3283 680 3338 τού
703 3271 871 3359 εἰρημένου
895 3275 985 3358 μισέρ
1009 3271 1237 3358 Φραντζέσκοο
1260 3277 1317 3340 καί

52 3407 123 3489 ιρύς
141 3404 206 3486 [τό]
222 3401 385 3486 τρομηθέν
409 3399 619 3486 μοναστήριον
640 3397 773 3472 δικαίως
796 3395 842 3471 εἰς
866 3391 1014 3482 ύττοψίαν,
1039 3399 1075 3462 τύ
1091 3393 1197 3464 διτοίυν
1212 3400 1316 3484 τροίη-

53 3551 92 3610 μα
118 3527 338 3614 μανθάνοντες
366 3521 396 3588 οί
423 3518 578 3610 ῥηθέντες
612 3524 750 3608 μοναχοί
780 3529 835 3608 τῆς
857 3519 945 3596 Νέας
967 3519 1078 3608 Μονῆτ
1104 3525 1316 3612 συνήχθησαν

52 3649 134 3737 ύρσύ,
158 3655 217 3718 καί
240 3651 321 3736 μετὰ
343 3648 489 3733 δακρύων
511 3649 569 3712 καὶ
591 3647 718 3732 θρήνων
745 3645 967 3732 προσέδραμον
990 3647 1068 3732 πρὸς
1086 3642 1187 3734 ’ἡμᾶς
1209 3667 1316 3732 σαρα-

52 3779 234 3853 καλούντες,
269 3769 317 3838 ὅτι
344 3775 459 3844 ττιίντες
492 3767 583 3858 ἡμεῖς
611 3767 691 3858 δμού
719 3769 1019 3857 νδξχττροαδάμομεν
1046 3769 1092 3844 εἰς
1119 3773 1173 3838 τύν
1203 3771 1316 3858 λιμένα

52 3911 99 3989 της
133 3899 354 3988 έλεημοσύνης
388 3901 444 3964 καί
473 3894 519 3971 εἰς
553 3896 609 3983 τήν
643 3896 849 3982 δικαιοσύνην
876 3903 932 3983 της
962 3893 1226 3983 ίαλελττμένής]
1254 3919 1314 3970 σας

52 4023 218 4099 αύθεντίας
254 4027 314 4090 καί
355 4017 455 4098 αἰτύις
497 4017 563 4106 μετ’
606 4015 777 4104 εὐλαβείας
820 4020 1013 4107 δαιηθηνατ,
1052 4017 1105 4086 ἵνα
1142 4017 1316 4096 ἀξιοθύσιν

52 4157 130 4219 κατὰ
157 4151 214 4237 τήν
241 4147 361 4214 έαοτύν
389 4145 534 4223 ίξυοαίαν
562 4147 618 4212 καὶ
643 4145 775 4230 δύναμιν
803 4146 860 4218 τὰς
893 4143 1062 4232 εἰρημένας
1097 4143 1201 4218 αἰτίας
1235 4146 1317 4232 τρύς

53 4277 102 4342 δύο
135 4277 283 4347 δικαίους
316 4269 374 4338 καί
405 4269 554 4344 συνετούς
589 4267 778 4354 ἀνθρύκτοος
812 4268 1058 4356 συμβαλθύαιν,
1099 4265 1211 4344 οἵτινες
1249 4289 1313 4336 κα-

54 4401 109 4477 λυς
135 4403 193 4470 καί
221 4396 396 4486 ἀρκοῦντος
428 4391 574 4462 νοίσυσιν
605 4398 643 4460 τὰ
677 4393 789 4460 δίκαια
825 4401 884 4462 τύν
920 4402 1022 4481 μερίίν
1056 4395 1154 4481 χυρὶς
1187 4410 1313 4481 μακρο-

54 4530 159 4601 τάτους
199 4521 403 4599 ἆαιλασιούς,
444 4523 501 4586 καί
543 4519 625 4586 δτύτι
658 4514 676 4584 δ
711 4516 876 4605 εἰρημένος
909 4521 1002 4604 μιαέμ
1036 4515 1196 4592 Φίλτααος
1232 4515 1315 4589 &uo-

53 4651 150 4739 λουθή
174 4650 229 4737 τήν
252 4645 357 4712 αἰτίαν
380 4643 425 4720 εἰς
452 4645 508 4732 τήν
535 4643 626 4722 Χίον,
654 4646 694 4708 νὰ
716 4641 802 4728 δοθη
827 4640 873 4716 είς
894 4643 948 4708 τόν
972 4635 1115 4730 ῥηθέντα
1136 4645 1234 4708 τύτεν
1254 4643 1315 4713 δύο

54 4779 155 4862 κριτὰς
186 4755 476 4871 ἰκκληαταστικούς
502 4767 523 4856 ἢ
551 4767 682 4842 λαίκυύς
705 4767 760 4834 διὰ
782 4767 838 4864 τήν
867 4761 1022 4854 ῥηθεῖσαν
1050 4766 1167 4846 αἰτίαν,
1195 4770 1321 4843 καθιλςι
