<?xml version="1.0" encoding="UTF-8"?>
<!DOCTYPE html PUBLIC "-//W3C//DTD XHTML 1.0 Transitional//EN"
    "http://www.w3.org/TR/xhtml1/DTD/xhtml1-transitional.dtd">
<html xmlns="http://www.w3.org/1999/xhtml" xml:lang="en" lang="en">
 <head>
  <title>
</title>
<meta http-equiv="Content-Type" content="text/html;charset=utf-8" />
  <meta name='ocr-system' content='tesseract 3.04.00' />
  <meta name='ocr-capabilities' content='ocr_page ocr_carea ocr_par ocr_line ocrx_word'/>
</head>
<body>
  <div class='ocr_page' id='page_1' title='image "./actaetdiplomata03miklgoog_0103.png"; bbox 0 0 3148 5268; ppageno 0'>
   <div class='ocr_carea' id='block_1_1' title="bbox 237 325 280 394">
    <p class='ocr_par' dir='ltr' id='par_1_1' title="bbox 237 325 280 394">
     <span class='ocr_line' id='line_1_1' title="bbox 237 325 280 394; baseline 0 0"><span class='ocrx_word' id='word_1_1' title='bbox 237 325 280 394; x_wconf 69' lang='lat'>74</span> 
     </span>
    </p>
   </div>
   <div class='ocr_carea' id='block_1_2' title="bbox 239 522 1525 987">
    <p class='ocr_par' dir='ltr' id='par_1_2' title="bbox 239 522 1525 987">
     <span class='ocr_line' id='line_1_2' title="bbox 239 522 1525 614; baseline 0.002 -28"><span class='ocrx_word' id='word_1_2' title='bbox 239 522 283 596; x_wconf 81' lang='grc' dir='ltr'>εἰς</span> <span class='ocrx_word' id='word_1_3' title='bbox 307 529 336 591; x_wconf 88' lang='grc' dir='ltr'>τί</span> <span class='ocrx_word' id='word_1_4' title='bbox 359 525 394 588; x_wconf 79' lang='grc' dir='ltr'>δέ</span> <span class='ocrx_word' id='word_1_5' title='bbox 423 529 621 612; x_wconf 67' lang='grc' dir='ltr'>κατήντησεν</span> <span class='ocrx_word' id='word_1_6' title='bbox 644 523 664 613; x_wconf 90' lang='grc' dir='ltr'>ἡ</span> <span class='ocrx_word' id='word_1_7' title='bbox 689 531 824 613; x_wconf 89' lang='grc' dir='ltr'>πονηρία</span> <span class='ocrx_word' id='word_1_8' title='bbox 856 523 973 605; x_wconf 76' lang='grc' dir='ltr'>αὐτῶν,</span> <span class='ocrx_word' id='word_1_9' title='bbox 1006 522 1099 614; x_wconf 85' lang='grc' dir='ltr'>ἡύτι</span> <span class='ocrx_word' id='word_1_10' title='bbox 1130 525 1385 613; x_wconf 77' lang='grc' dir='ltr'>ἐματαίιοδησαν</span> <span class='ocrx_word' id='word_1_11' title='bbox 1417 524 1451 590; x_wconf 85' lang='grc' dir='ltr'>ἐν</span> <span class='ocrx_word' id='word_1_12' title='bbox 1482 538 1525 612; x_wconf 78' lang='grc' dir='ltr'>τη</span> 
     </span>
     <span class='ocr_line' id='line_1_3' title="bbox 239 647 1522 740; baseline 0 -28"><span class='ocrx_word' id='word_1_13' title='bbox 239 655 416 736; x_wconf 78' lang='grc' dir='ltr'>πανουργία</span> <span class='ocrx_word' id='word_1_14' title='bbox 439 647 555 730; x_wconf 75' lang='grc' dir='ltr'>αύτιυν;</span> <span class='ocrx_word' id='word_1_15' title='bbox 580 648 769 740; x_wconf 71' lang='grc' dir='ltr'>ἐφανερώθη</span> <span class='ocrx_word' id='word_1_16' title='bbox 793 647 813 737; x_wconf 88' lang='grc' dir='ltr'>ἡ</span> <span class='ocrx_word' id='word_1_17' title='bbox 838 647 956 738; x_wconf 79' lang='grc' dir='ltr'>ἀνομία</span> <span class='ocrx_word' id='word_1_18' title='bbox 982 648 1093 729; x_wconf 79' lang='grc' dir='ltr'>αὐτῶν,</span> <span class='ocrx_word' id='word_1_19' title='bbox 1118 655 1174 718; x_wconf 88' lang='grc' dir='ltr'>καί</span> <span class='ocrx_word' id='word_1_20' title='bbox 1197 647 1215 715; x_wconf 84' lang='grc' dir='ltr'>ό</span> <span class='ocrx_word' id='word_1_21' title='bbox 1238 651 1366 737; x_wconf 88' lang='grc' dir='ltr'>μεγάλα</span> <span class='ocrx_word' id='word_1_22' title='bbox 1395 661 1522 738; x_wconf 81' lang='grc' dir='ltr'>φυσῶν,</span> 
     </span>
     <span class='ocr_line' id='line_1_4' title="bbox 240 771 1522 862; baseline 0.002 -26"><span class='ocrx_word' id='word_1_23' title='bbox 240 771 272 836; x_wconf 83' lang='grc' dir='ltr'>ἐν</span> <span class='ocrx_word' id='word_1_24' title='bbox 297 779 395 860; x_wconf 81' lang='grc' dir='ltr'>γωνίιρ</span> <span class='ocrx_word' id='word_1_25' title='bbox 417 779 482 840; x_wconf 89' lang='grc' dir='ltr'>νυνί</span> <span class='ocrx_word' id='word_1_26' title='bbox 506 773 554 840; x_wconf 79' lang='grc' dir='ltr'>ὑπ’</span> <span class='ocrx_word' id='word_1_27' title='bbox 579 775 733 862; x_wconf 73' lang='grc' dir='ltr'>αἰσχύνης</span> <span class='ocrx_word' id='word_1_28' title='bbox 757 779 984 861; x_wconf 91' lang='grc' dir='ltr'>κρυπτόμενος,</span> <span class='ocrx_word' id='word_1_29' title='bbox 1015 773 1184 862; x_wconf 75' lang='grc' dir='ltr'>ἐλέγχεται</span> <span class='ocrx_word' id='word_1_30' title='bbox 1211 780 1297 861; x_wconf 82' lang='grc' dir='ltr'>παρὰ</span> <span class='ocrx_word' id='word_1_31' title='bbox 1320 775 1446 840; x_wconf 82' lang='grc' dir='ltr'>πάντων</span> <span class='ocrx_word' id='word_1_32' title='bbox 1473 773 1522 849; x_wconf 76' lang='grc' dir='ltr'>ὣς</span> 
     </span>
     <span class='ocr_line' id='line_1_5' title="bbox 240 896 1523 987; baseline 0.001 -25"><span class='ocrx_word' id='word_1_33' title='bbox 240 899 372 984; x_wconf 80' lang='grc' dir='ltr'>ψεύδους</span> <span class='ocrx_word' id='word_1_34' title='bbox 395 903 515 986; x_wconf 89' lang='grc' dir='ltr'>πατὴρ.·</span> <span class='ocrx_word' id='word_1_35' title='bbox 535 897 696 974; x_wconf 71' lang='grc' dir='ltr'>ἐξέκλιναν</span> <span class='ocrx_word' id='word_1_36' title='bbox 718 901 832 966; x_wconf 88' lang='grc' dir='ltr'>πολλοί</span> <span class='ocrx_word' id='word_1_37' title='bbox 857 897 918 964; x_wconf 78' lang='grc' dir='ltr'>ἀπὸ</span> <span class='ocrx_word' id='word_1_38' title='bbox 942 911 997 987; x_wconf 85' lang='grc' dir='ltr'>τῆς</span> <span class='ocrx_word' id='word_1_39' title='bbox 1021 901 1159 987; x_wconf 75' lang='grc' dir='ltr'>διδαχῆς</span> <span class='ocrx_word' id='word_1_40' title='bbox 1182 896 1293 978; x_wconf 81' lang='grc' dir='ltr'>αύτυύ,</span> <span class='ocrx_word' id='word_1_41' title='bbox 1317 904 1374 965; x_wconf 83' lang='grc' dir='ltr'>καί</span> <span class='ocrx_word' id='word_1_42' title='bbox 1391 898 1421 963; x_wconf 84' lang='grc' dir='ltr'>οἱ</span> <span class='ocrx_word' id='word_1_43' title='bbox 1438 898 1523 986; x_wconf 82' lang='grc' dir='ltr'>ἄχρι</span> 
     </span>
    </p>
   </div>
   <div class='ocr_carea' id='block_1_3' title="bbox 94 1018 1519 1110">
    <p class='ocr_par' dir='ltr' id='par_1_3' title="bbox 94 1018 1519 1110">
     <span class='ocr_line' id='line_1_6' title="bbox 94 1018 1519 1110; baseline 0.004 -29"><span class='ocrx_word' id='word_1_44' title='bbox 94 1061 105 1081; x_wconf 90' lang='grc'><strong>.</strong></span> <span class='ocrx_word' id='word_1_45' title='bbox 239 1031 293 1086; x_wconf 81' lang='grc' dir='ltr'>τοῦ</span> <span class='ocrx_word' id='word_1_46' title='bbox 317 1030 370 1086; x_wconf 85' lang='grc' dir='ltr'>νῦν</span> <span class='ocrx_word' id='word_1_47' title='bbox 399 1019 464 1108; x_wconf 84' lang='grc' dir='ltr'>μετ’</span> <span class='ocrx_word' id='word_1_48' title='bbox 493 1020 591 1088; x_wconf 73' lang='grc' dir='ltr'>αὐτοῦ</span> <span class='ocrx_word' id='word_1_49' title='bbox 618 1031 672 1088; x_wconf 84' lang='grc' dir='ltr'>νύν</span> <span class='ocrx_word' id='word_1_50' title='bbox 702 1020 836 1110; x_wconf 78' lang='grc' dir='ltr'>ὁρῶνται</span> <span class='ocrx_word' id='word_1_51' title='bbox 863 1021 934 1088; x_wconf 89' lang='grc' dir='ltr'>κατ’</span> <span class='ocrx_word' id='word_1_52' title='bbox 958 1019 1065 1090; x_wconf 78' lang='grc' dir='ltr'>τούτου.</span> <span class='ocrx_word' id='word_1_53' title='bbox 1089 1027 1188 1090; x_wconf 90' lang='grc' dir='ltr'>πόσαι</span> <span class='ocrx_word' id='word_1_54' title='bbox 1212 1028 1273 1110; x_wconf 83' lang='grc' dir='ltr'>γὰρ</span> <span class='ocrx_word' id='word_1_55' title='bbox 1298 1025 1448 1110; x_wconf 88' lang='grc' dir='ltr'>μυριάδες</span> <span class='ocrx_word' id='word_1_56' title='bbox 1475 1018 1519 1086; x_wconf 87' lang='grc' dir='ltr'>δι’</span> 
     </span>
    </p>
   </div>
   <div class='ocr_carea' id='block_1_4' title="bbox 239 1142 1518 1985">
    <p class='ocr_par' dir='ltr' id='par_1_4' title="bbox 239 1142 1518 1985">
     <span class='ocr_line' id='line_1_7' title="bbox 240 1142 1518 1236; baseline 0.002 -27"><span class='ocrx_word' id='word_1_57' title='bbox 240 1142 335 1212; x_wconf 77' lang='grc' dir='ltr'>αὐτοῦ</span> <span class='ocrx_word' id='word_1_58' title='bbox 361 1145 535 1226; x_wconf 81' lang='grc' dir='ltr'>ἀπώλοντο,</span> <span class='ocrx_word' id='word_1_59' title='bbox 561 1146 602 1212; x_wconf 80' lang='grc' dir='ltr'>ὧν</span> <span class='ocrx_word' id='word_1_60' title='bbox 627 1153 665 1213; x_wconf 83' lang='grc' dir='ltr'>τὰ</span> <span class='ocrx_word' id='word_1_61' title='bbox 689 1149 824 1234; x_wconf 88' lang='grc' dir='ltr'>λείψανα</span> <span class='ocrx_word' id='word_1_62' title='bbox 847 1151 906 1236; x_wconf 79' lang='grc' dir='ltr'>πρὸ</span> <span class='ocrx_word' id='word_1_63' title='bbox 931 1157 1047 1236; x_wconf 84' lang='grc' dir='ltr'>μικροῦ</span> <span class='ocrx_word' id='word_1_64' title='bbox 1070 1148 1228 1229; x_wconf 80' lang='grc' dir='ltr'>Αἴγυπτος</span> <span class='ocrx_word' id='word_1_65' title='bbox 1252 1147 1323 1234; x_wconf 75' lang='grc' dir='ltr'>ἔχει</span> <span class='ocrx_word' id='word_1_66' title='bbox 1344 1151 1432 1234; x_wconf 80' lang='grc' dir='ltr'>παρὰ</span> <span class='ocrx_word' id='word_1_67' title='bbox 1455 1151 1518 1221; x_wconf 86' lang='grc' dir='ltr'>τὰς</span> 
     </span>
     <span class='ocr_line' id='line_1_8' title="bbox 239 1267 1517 1361; baseline 0 -25"><span class='ocrx_word' id='word_1_68' title='bbox 239 1281 294 1336; x_wconf 84' lang='grc' dir='ltr'>τού</span> <span class='ocrx_word' id='word_1_69' title='bbox 316 1269 435 1338; x_wconf 78' lang='grc' dir='ltr'>Νείλου</span> <span class='ocrx_word' id='word_1_70' title='bbox 460 1267 546 1357; x_wconf 88' lang='grc' dir='ltr'>βοάς.</span> <span class='ocrx_word' id='word_1_71' title='bbox 578 1268 636 1337; x_wconf 81' lang='grc' dir='ltr'>ούκ</span> <span class='ocrx_word' id='word_1_72' title='bbox 665 1271 774 1353; x_wconf 83' lang='grc' dir='ltr'>ἀγνοεῖ</span> <span class='ocrx_word' id='word_1_73' title='bbox 800 1271 857 1338; x_wconf 84' lang='grc' dir='ltr'>καί</span> <span class='ocrx_word' id='word_1_74' title='bbox 885 1281 975 1337; x_wconf 85' lang='grc' dir='ltr'>τούτο</span> <span class='ocrx_word' id='word_1_75' title='bbox 999 1269 1020 1361; x_wconf 90' lang='grc' dir='ltr'>ἡ</span> <span class='ocrx_word' id='word_1_76' title='bbox 1045 1275 1193 1357; x_wconf 84' lang='grc' dir='ltr'>βασιλεία</span> <span class='ocrx_word' id='word_1_77' title='bbox 1228 1293 1300 1350; x_wconf 92' lang='grc' dir='ltr'>σου,</span> <span class='ocrx_word' id='word_1_78' title='bbox 1336 1282 1402 1344; x_wconf 81' lang='grc' dir='ltr'>πῶς</span> <span class='ocrx_word' id='word_1_79' title='bbox 1438 1268 1517 1358; x_wconf 77' lang='grc' dir='ltr'>μεθ’</span> 
     </span>
     <span class='ocr_line' id='line_1_9' title="bbox 240 1392 1516 1484; baseline -0.002 -22"><span class='ocrx_word' id='word_1_80' title='bbox 240 1392 339 1480; x_wconf 82' lang='grc' dir='ltr'>ὅρκου</span> <span class='ocrx_word' id='word_1_81' title='bbox 363 1398 415 1460; x_wconf 83' lang='grc' dir='ltr'>τόν</span> <span class='ocrx_word' id='word_1_82' title='bbox 443 1393 596 1484; x_wconf 87' lang='grc' dir='ltr'>ἡμέτερον</span> <span class='ocrx_word' id='word_1_83' title='bbox 631 1395 779 1481; x_wconf 72' lang='grc' dir='ltr'>ἐβεβαίου</span> <span class='ocrx_word' id='word_1_84' title='bbox 807 1399 964 1476; x_wconf 74' lang='grc' dir='ltr'>θάνατον,</span> <span class='ocrx_word' id='word_1_85' title='bbox 998 1395 1052 1461; x_wconf 79' lang='grc' dir='ltr'>ἵνα</span> <span class='ocrx_word' id='word_1_86' title='bbox 1080 1397 1153 1472; x_wconf 83' lang='grc' dir='ltr'>τούς</span> <span class='ocrx_word' id='word_1_87' title='bbox 1179 1393 1352 1484; x_wconf 87' lang='grc' dir='ltr'>ἡμετέρους</span> <span class='ocrx_word' id='word_1_88' title='bbox 1379 1397 1516 1469; x_wconf 81' lang='grc' dir='ltr'>πιστούς</span> 
     </span>
     <span class='ocr_line' id='line_1_10' title="bbox 241 1519 1517 1610; baseline 0.001 -26"><span class='ocrx_word' id='word_1_89' title='bbox 241 1519 449 1608; x_wconf 82' lang='grc' dir='ltr'>ἀποστατὴση</span> <span class='ocrx_word' id='word_1_90' title='bbox 474 1532 529 1608; x_wconf 85' lang='grc' dir='ltr'>της</span> <span class='ocrx_word' id='word_1_91' title='bbox 552 1528 687 1596; x_wconf 84' lang='grc' dir='ltr'>πίστεως</span> <span class='ocrx_word' id='word_1_92' title='bbox 720 1519 820 1610; x_wconf 83' lang='grc' dir='ltr'>ἡμῶν·</span> <span class='ocrx_word' id='word_1_93' title='bbox 844 1533 909 1595; x_wconf 84' lang='grc' dir='ltr'>πῶς</span> <span class='ocrx_word' id='word_1_94' title='bbox 940 1522 1016 1595; x_wconf 83' lang='grc' dir='ltr'>τούς</span> <span class='ocrx_word' id='word_1_95' title='bbox 1041 1523 1174 1594; x_wconf 76' lang='grc' dir='ltr'>δούλους</span> <span class='ocrx_word' id='word_1_96' title='bbox 1210 1531 1269 1588; x_wconf 76' lang='grc' dir='ltr'>τῶν</span> <span class='ocrx_word' id='word_1_97' title='bbox 1304 1521 1424 1586; x_wconf 82' lang='grc' dir='ltr'>δούλιον</span> <span class='ocrx_word' id='word_1_98' title='bbox 1455 1531 1517 1606; x_wconf 85' lang='grc' dir='ltr'>τῆς</span> 
     </span>
     <span class='ocr_line' id='line_1_11' title="bbox 241 1643 1518 1734; baseline -0.001 -24"><span class='ocrx_word' id='word_1_99' title='bbox 241 1647 407 1730; x_wconf 81' lang='grc' dir='ltr'>βασιλείας</span> <span class='ocrx_word' id='word_1_100' title='bbox 440 1643 529 1734; x_wconf 80' lang='grc' dir='ltr'>ἡμῶν</span> <span class='ocrx_word' id='word_1_101' title='bbox 564 1646 596 1711; x_wconf 89' lang='grc' dir='ltr'>ἐν</span> <span class='ocrx_word' id='word_1_102' title='bbox 628 1659 666 1734; x_wconf 71' lang='grc' dir='ltr'>τη</span> <span class='ocrx_word' id='word_1_103' title='bbox 699 1645 880 1734; x_wconf 79' lang='grc' dir='ltr'>Ἀλαμανίορ</span> <span class='ocrx_word' id='word_1_104' title='bbox 914 1647 1111 1720; x_wconf 86' lang='grc' dir='ltr'>δυναστικιῐις</span> <span class='ocrx_word' id='word_1_105' title='bbox 1147 1669 1180 1712; x_wconf 86' lang='grc' dir='ltr'>τε</span> <span class='ocrx_word' id='word_1_106' title='bbox 1215 1650 1271 1711; x_wconf 84' lang='grc' dir='ltr'>καί</span> <span class='ocrx_word' id='word_1_107' title='bbox 1306 1649 1518 1718; x_wconf 80' lang='grc' dir='ltr'>θωπευτικῶς</span> 
     </span>
     <span class='ocr_line' id='line_1_12' title="bbox 239 1769 1516 1859; baseline 0.001 -25"><span class='ocrx_word' id='word_1_108' title='bbox 239 1769 422 1858; x_wconf 81' lang='grc' dir='ltr'>ἠνάγκασεν</span> <span class='ocrx_word' id='word_1_109' title='bbox 457 1769 532 1858; x_wconf 76' lang='grc' dir='ltr'>ἆραι</span> <span class='ocrx_word' id='word_1_110' title='bbox 567 1778 701 1859; x_wconf 84' lang='grc' dir='ltr'>πτέρνας</span> <span class='ocrx_word' id='word_1_111' title='bbox 732 1769 810 1836; x_wconf 75' lang='grc' dir='ltr'>καθ’</span> <span class='ocrx_word' id='word_1_112' title='bbox 841 1769 939 1859; x_wconf 80' lang='grc' dir='ltr'>ἡμῶν.</span> <span class='ocrx_word' id='word_1_113' title='bbox 974 1769 1044 1836; x_wconf 82' lang='grc' dir='ltr'>ἀλλ’</span> <span class='ocrx_word' id='word_1_114' title='bbox 1075 1769 1137 1845; x_wconf 84' lang='grc' dir='ltr'>έιυς</span> <span class='ocrx_word' id='word_1_115' title='bbox 1161 1775 1200 1836; x_wconf 81' lang='grc' dir='ltr'>τά</span> <span class='ocrx_word' id='word_1_116' title='bbox 1224 1769 1293 1858; x_wconf 83' lang='grc' dir='ltr'>ἱερὰ</span> <span class='ocrx_word' id='word_1_117' title='bbox 1324 1773 1424 1858; x_wconf 84' lang='grc' dir='ltr'>σκεύη</span> <span class='ocrx_word' id='word_1_118' title='bbox 1455 1775 1516 1835; x_wconf 85' lang='grc' dir='ltr'>καί</span> 
     </span>
     <span class='ocr_line' id='line_1_13' title="bbox 239 1891 1514 1985; baseline -0.001 -25"><span class='ocrx_word' id='word_1_119' title='bbox 239 1897 404 1982; x_wconf 79' lang='grc' dir='ltr'>πρόσοδοι,</span> <span class='ocrx_word' id='word_1_120' title='bbox 435 1897 473 1970; x_wconf 81' lang='grc' dir='ltr'>ἃς</span> <span class='ocrx_word' id='word_1_121' title='bbox 502 1895 563 1961; x_wconf 79' lang='grc' dir='ltr'>ἀπὸ</span> <span class='ocrx_word' id='word_1_122' title='bbox 589 1907 643 1983; x_wconf 80' lang='grc' dir='ltr'>τῆς</span> <span class='ocrx_word' id='word_1_123' title='bbox 668 1896 845 1983; x_wconf 82' lang='grc' dir='ltr'>ἐκκλησίας</span> <span class='ocrx_word' id='word_1_124' title='bbox 870 1894 998 1985; x_wconf 78' lang='grc' dir='ltr'>ἀφεῖλον</span> <span class='ocrx_word' id='word_1_125' title='bbox 1024 1897 1211 1980; x_wconf 74' lang='grc' dir='ltr'>βιαστικός,</span> <span class='ocrx_word' id='word_1_126' title='bbox 1247 1891 1450 1982; x_wconf 76' lang='grc' dir='ltr'>ὑπούργησον</span> <span class='ocrx_word' id='word_1_127' title='bbox 1480 1893 1514 1959; x_wconf 79' lang='grc' dir='ltr'>ἐν</span> 
     </span>
    </p>
   </div>
   <div class='ocr_carea' id='block_1_5' title="bbox 239 2015 1514 2126">
    <p class='ocr_par' dir='ltr' id='par_1_5' title="bbox 239 2015 1514 2126">
     <span class='ocr_line' id='line_1_14' title="bbox 239 2015 1514 2126; baseline -0.002 -42"><span class='ocrx_word' id='word_1_128' title='bbox 239 2033 305 2094; x_wconf 87' lang='grc' dir='ltr'>ταίς</span> <span class='ocrx_word' id='word_1_129' title='bbox 330 2019 451 2096; x_wconf 72' lang='grc' dir='ltr'>ἐξόδοις</span> <span class='ocrx_word' id='word_1_130' title='bbox 475 2016 592 2100; x_wconf 78' lang='grc' dir='ltr'>αὐτῶν,</span> <span class='ocrx_word' id='word_1_131' title='bbox 621 2018 665 2094; x_wconf 79' lang='grc' dir='ltr'>ὡς</span> <span class='ocrx_word' id='word_1_132' title='bbox 696 2019 746 2126; x_wconf 76' lang='grc' dir='ltr'>ἐπὶ</span> <span class='ocrx_word' id='word_1_133' title='bbox 770 2029 890 2107; x_wconf 83' lang='grc' dir='ltr'>σκηνῆς</span> <span class='ocrx_word' id='word_1_134' title='bbox 913 2017 1048 2108; x_wconf 80' lang='grc' dir='ltr'>ἡγοῦντο</span> <span class='ocrx_word' id='word_1_135' title='bbox 1073 2023 1111 2084; x_wconf 82' lang='grc' dir='ltr'>τὰ</span> <span class='ocrx_word' id='word_1_136' title='bbox 1134 2023 1319 2106; x_wconf 86' lang='grc' dir='ltr'>πράγματα,</span> <span class='ocrx_word' id='word_1_137' title='bbox 1351 2022 1406 2085; x_wconf 86' lang='grc' dir='ltr'>καί</span> <span class='ocrx_word' id='word_1_138' title='bbox 1429 2015 1514 2106; x_wconf 78' lang='grc' dir='ltr'>δρα-</span> 
     </span>
    </p>
   </div>
   <div class='ocr_carea' id='block_1_6' title="bbox 235 2139 1514 4846">
    <p class='ocr_par' dir='ltr' id='par_1_6' title="bbox 235 2139 1514 4220">
     <span class='ocr_line' id='line_1_15' title="bbox 239 2139 1512 2232; baseline 0 -24"><span class='ocrx_word' id='word_1_139' title='bbox 239 2146 296 2218; x_wconf 91' lang='grc' dir='ltr'>λυς</span> <span class='ocrx_word' id='word_1_140' title='bbox 318 2141 355 2232; x_wconf 87' lang='grc' dir='ltr'>ἡν</span> <span class='ocrx_word' id='word_1_141' title='bbox 379 2140 398 2232; x_wconf 92' lang='grc' dir='ltr'>ἡ</span> <span class='ocrx_word' id='word_1_142' title='bbox 422 2145 585 2231; x_wconf 87' lang='grc' dir='ltr'>πετριύδης</span> <span class='ocrx_word' id='word_1_143' title='bbox 615 2149 724 2232; x_wconf 84' lang='grc' dir='ltr'>γνιύμη</span> <span class='ocrx_word' id='word_1_144' title='bbox 754 2140 864 2208; x_wconf 76' lang='grc' dir='ltr'>αὐτόν·</span> <span class='ocrx_word' id='word_1_145' title='bbox 895 2141 948 2232; x_wconf 84' lang='grc' dir='ltr'>ἀφ’</span> <span class='ocrx_word' id='word_1_146' title='bbox 976 2139 1012 2208; x_wconf 83' lang='grc' dir='ltr'>ού</span> <span class='ocrx_word' id='word_1_147' title='bbox 1036 2144 1072 2208; x_wconf 78' lang='grc' dir='ltr'>δέ</span> <span class='ocrx_word' id='word_1_148' title='bbox 1095 2144 1210 2216; x_wconf 80' lang='grc' dir='ltr'>πάντες</span> <span class='ocrx_word' id='word_1_149' title='bbox 1238 2139 1512 2230; x_wconf 79' lang='grc' dir='ltr'>κατηράχδησαν,</span> 
     </span>
     <span class='ocr_line' id='line_1_16' title="bbox 239 2262 1514 2356; baseline -0.002 -23"><span class='ocrx_word' id='word_1_150' title='bbox 239 2267 256 2333; x_wconf 92' lang='grc' dir='ltr'>ύ</span> <span class='ocrx_word' id='word_1_151' title='bbox 282 2273 338 2355; x_wconf 81' lang='grc' dir='ltr'>μέν</span> <span class='ocrx_word' id='word_1_152' title='bbox 363 2267 466 2350; x_wconf 75' lang='grc' dir='ltr'>ἐνθεν,</span> <span class='ocrx_word' id='word_1_153' title='bbox 492 2266 509 2336; x_wconf 83' lang='grc' dir='ltr'>ό</span> <span class='ocrx_word' id='word_1_154' title='bbox 533 2265 560 2332; x_wconf 87' lang='grc' dir='ltr'>δ’</span> <span class='ocrx_word' id='word_1_155' title='bbox 584 2266 710 2333; x_wconf 78' lang='grc' dir='ltr'>ἐκεῖθεν</span> <span class='ocrx_word' id='word_1_156' title='bbox 733 2272 837 2356; x_wconf 86' lang='grc' dir='ltr'>φυγὰς</span> <span class='ocrx_word' id='word_1_157' title='bbox 869 2267 1010 2348; x_wconf 84' lang='grc' dir='ltr'>ἐγένετο,</span> <span class='ocrx_word' id='word_1_158' title='bbox 1042 2268 1098 2354; x_wconf 85' lang='grc' dir='ltr'>τὴν</span> <span class='ocrx_word' id='word_1_159' title='bbox 1129 2276 1184 2353; x_wconf 87' lang='grc' dir='ltr'>τῆς</span> <span class='ocrx_word' id='word_1_160' title='bbox 1214 2262 1372 2354; x_wconf 83' lang='grc' dir='ltr'>ἡμετέρας</span> <span class='ocrx_word' id='word_1_161' title='bbox 1402 2266 1514 2344; x_wconf 72' lang='grc' dir='ltr'>δεξιᾶς</span> 
     </span>
     <span class='ocr_line' id='line_1_17' title="bbox 239 2388 1512 2480; baseline -0.002 -23"><span class='ocrx_word' id='word_1_162' title='bbox 239 2391 370 2478; x_wconf 81' lang='grc' dir='ltr'>ἀπειλὴν</span> <span class='ocrx_word' id='word_1_163' title='bbox 387 2390 678 2479; x_wconf 83' lang='grc' dir='ltr'>έκδειματυύμενοι.</span> <span class='ocrx_word' id='word_1_164' title='bbox 696 2395 829 2479; x_wconf 84' lang='grc' dir='ltr'>πρυσεπί</span> <span class='ocrx_word' id='word_1_165' title='bbox 844 2395 966 2465; x_wconf 87' lang='grc' dir='ltr'>τούτοις</span> <span class='ocrx_word' id='word_1_166' title='bbox 988 2393 1043 2480; x_wconf 87' lang='grc' dir='ltr'>τὴν</span> <span class='ocrx_word' id='word_1_167' title='bbox 1067 2389 1223 2480; x_wconf 82' lang='grc' dir='ltr'>ἡμετέραν</span> <span class='ocrx_word' id='word_1_168' title='bbox 1247 2388 1307 2456; x_wconf 76' lang='grc' dir='ltr'>οὐκ</span> <span class='ocrx_word' id='word_1_169' title='bbox 1332 2389 1512 2476; x_wconf 77' lang='grc' dir='ltr'>ἀποδιδρά-</span> 
     </span>
     <span class='ocr_line' id='line_1_18' title="bbox 240 2512 1513 2604; baseline -0.002 -24"><span class='ocrx_word' id='word_1_170' title='bbox 240 2535 309 2581; x_wconf 87' lang='grc' dir='ltr'>σκει</span> <span class='ocrx_word' id='word_1_171' title='bbox 332 2517 491 2598; x_wconf 79' lang='grc' dir='ltr'>διάνοιαν,</span> <span class='ocrx_word' id='word_1_172' title='bbox 514 2516 534 2580; x_wconf 83' lang='grc' dir='ltr'>δ</span> <span class='ocrx_word' id='word_1_173' title='bbox 558 2517 611 2588; x_wconf 77' lang='grc' dir='ltr'>διὰ</span> <span class='ocrx_word' id='word_1_174' title='bbox 635 2528 694 2582; x_wconf 77' lang='grc' dir='ltr'>τῶν</span> <span class='ocrx_word' id='word_1_175' title='bbox 720 2528 782 2584; x_wconf 78' lang='grc' dir='ltr'>σῶν</span> <span class='ocrx_word' id='word_1_176' title='bbox 806 2521 1000 2604; x_wconf 84' lang='grc' dir='ltr'>γραμμάτων</span> <span class='ocrx_word' id='word_1_177' title='bbox 1022 2513 1094 2604; x_wconf 82' lang='grc' dir='ltr'>ἡμίν</span> <span class='ocrx_word' id='word_1_178' title='bbox 1119 2513 1306 2601; x_wconf 82' lang='grc' dir='ltr'>ἐγνώρισας,</span> <span class='ocrx_word' id='word_1_179' title='bbox 1335 2518 1370 2579; x_wconf 81' lang='grc' dir='ltr'>τό</span> <span class='ocrx_word' id='word_1_180' title='bbox 1395 2512 1513 2581; x_wconf 82' lang='grc' dir='ltr'>ούτιυσί</span> 
     </span>
     <span class='ocr_line' id='line_1_19' title="bbox 240 2633 1510 2730; baseline 0 -26"><span class='ocrx_word' id='word_1_181' title='bbox 240 2641 327 2727; x_wconf 85' lang='grc' dir='ltr'>ἔχον.</span> <span class='ocrx_word' id='word_1_182' title='bbox 345 2636 432 2704; x_wconf 88' lang='grc' dir='ltr'>υύτυι</span> <span class='ocrx_word' id='word_1_183' title='bbox 447 2641 482 2705; x_wconf 86' lang='grc' dir='ltr'>δέ</span> <span class='ocrx_word' id='word_1_184' title='bbox 499 2639 530 2704; x_wconf 83' lang='grc' dir='ltr'>οἱ</span> <span class='ocrx_word' id='word_1_185' title='bbox 544 2633 675 2728; x_wconf 86' lang='grc' dir='ltr'>φρέριοι,</span> <span class='ocrx_word' id='word_1_186' title='bbox 694 2637 745 2706; x_wconf 83' lang='grc' dir='ltr'>ὅτε</span> <span class='ocrx_word' id='word_1_187' title='bbox 763 2639 795 2717; x_wconf 77' lang='grc' dir='ltr'>ἐξ</span> <span class='ocrx_word' id='word_1_188' title='bbox 812 2639 915 2730; x_wconf 77' lang='grc' dir='ltr'>ἀρχῆς</span> <span class='ocrx_word' id='word_1_189' title='bbox 939 2641 1093 2705; x_wconf 86' lang='grc' dir='ltr'>κατέλυον</span> <span class='ocrx_word' id='word_1_190' title='bbox 1118 2641 1258 2718; x_wconf 76' lang='grc' dir='ltr'>ἐνταυθὶ,</span> <span class='ocrx_word' id='word_1_191' title='bbox 1284 2637 1390 2714; x_wconf 76' lang='grc' dir='ltr'>ἄλλως</span> <span class='ocrx_word' id='word_1_192' title='bbox 1414 2637 1510 2728; x_wconf 82' lang='grc' dir='ltr'>ἐφαί-</span> 
     </span>
     <span class='ocr_line' id='line_1_20' title="bbox 238 2762 1511 2852; baseline 0 -24"><span class='ocrx_word' id='word_1_193' title='bbox 238 2783 328 2829; x_wconf 90' lang='grc' dir='ltr'>νοντο</span> <span class='ocrx_word' id='word_1_194' title='bbox 351 2765 538 2838; x_wconf 78' lang='grc' dir='ltr'>διακεῖσθαι</span> <span class='ocrx_word' id='word_1_195' title='bbox 559 2767 638 2852; x_wconf 80' lang='grc' dir='ltr'>πρὸς</span> <span class='ocrx_word' id='word_1_196' title='bbox 660 2767 716 2852; x_wconf 87' lang='grc' dir='ltr'>τὴν</span> <span class='ocrx_word' id='word_1_197' title='bbox 741 2767 907 2850; x_wconf 85' lang='grc' dir='ltr'>βασιλείαν</span> <span class='ocrx_word' id='word_1_198' title='bbox 932 2785 1004 2842; x_wconf 90' lang='grc' dir='ltr'>σου,</span> <span class='ocrx_word' id='word_1_199' title='bbox 1033 2769 1089 2829; x_wconf 88' lang='grc' dir='ltr'>καί</span> <span class='ocrx_word' id='word_1_200' title='bbox 1113 2762 1217 2837; x_wconf 78' lang='grc' dir='ltr'>ἄλλως</span> <span class='ocrx_word' id='word_1_201' title='bbox 1245 2764 1422 2828; x_wconf 77' lang='grc' dir='ltr'>διάκεινται</span> <span class='ocrx_word' id='word_1_202' title='bbox 1445 2771 1511 2840; x_wconf 83' lang='grc' dir='ltr'>νῦν,</span> 
     </span>
     <span class='ocr_line' id='line_1_21' title="bbox 238 2881 1514 2978; baseline -0.002 -25"><span class='ocrx_word' id='word_1_203' title='bbox 238 2886 278 2953; x_wconf 92' lang='grc' dir='ltr'>δι’</span> <span class='ocrx_word' id='word_1_204' title='bbox 303 2889 341 2963; x_wconf 75' lang='grc' dir='ltr'>ἃς</span> <span class='ocrx_word' id='word_1_205' title='bbox 363 2881 505 2976; x_wconf 83' lang='grc' dir='ltr'>ἤκουσαν</span> <span class='ocrx_word' id='word_1_206' title='bbox 530 2891 700 2978; x_wconf 79' lang='grc' dir='ltr'>διαφόρους</span> <span class='ocrx_word' id='word_1_207' title='bbox 725 2887 876 2970; x_wconf 86' lang='grc' dir='ltr'>εύλύγους</span> <span class='ocrx_word' id='word_1_208' title='bbox 901 2895 1070 2976; x_wconf 84' lang='grc' dir='ltr'>συντυχίας</span> <span class='ocrx_word' id='word_1_209' title='bbox 1094 2884 1169 2974; x_wconf 76' lang='grc' dir='ltr'>ύπίρ</span> <span class='ocrx_word' id='word_1_210' title='bbox 1193 2897 1248 2974; x_wconf 78' lang='grc' dir='ltr'>της</span> <span class='ocrx_word' id='word_1_211' title='bbox 1270 2889 1435 2972; x_wconf 83' lang='grc' dir='ltr'>βασιλείας</span> <span class='ocrx_word' id='word_1_212' title='bbox 1452 2911 1514 2953; x_wconf 88' lang='grc' dir='ltr'>σου</span> 
     </span>
     <span class='ocr_line' id='line_1_22' title="bbox 237 3009 1513 3102; baseline -0.002 -23"><span class='ocrx_word' id='word_1_213' title='bbox 237 3011 309 3099; x_wconf 91' lang='grc' dir='ltr'>παρ’</span> <span class='ocrx_word' id='word_1_214' title='bbox 332 3010 431 3101; x_wconf 77' lang='grc' dir='ltr'>ἡμῶν.</span> <span class='ocrx_word' id='word_1_215' title='bbox 456 3013 494 3079; x_wconf 87' lang='grc' dir='ltr'>ἐκ</span> <span class='ocrx_word' id='word_1_216' title='bbox 523 3012 682 3102; x_wconf 81' lang='grc' dir='ltr'>τούτανὴ</span> <span class='ocrx_word' id='word_1_217' title='bbox 708 3015 856 3098; x_wconf 85' lang='grc' dir='ltr'>βασιλεία</span> <span class='ocrx_word' id='word_1_218' title='bbox 885 3035 943 3082; x_wconf 89' lang='grc' dir='ltr'>σου</span> <span class='ocrx_word' id='word_1_219' title='bbox 973 3015 1027 3100; x_wconf 92' lang='grc' dir='ltr'>τὴν</span> <span class='ocrx_word' id='word_1_220' title='bbox 1052 3012 1292 3100; x_wconf 82' lang='grc' dir='ltr'>ἐνδυμυχούσαν</span> <span class='ocrx_word' id='word_1_221' title='bbox 1317 3009 1422 3086; x_wconf 75' lang='grc' dir='ltr'>αὐτοῖς</span> <span class='ocrx_word' id='word_1_222' title='bbox 1445 3035 1513 3076; x_wconf 89' lang='grc' dir='ltr'>κα-</span> 
     </span>
     <span class='ocr_line' id='line_1_23' title="bbox 238 3133 1512 3226; baseline -0.002 -23"><span class='ocrx_word' id='word_1_223' title='bbox 238 3146 311 3203; x_wconf 92' lang='grc' dir='ltr'>κίαν</span> <span class='ocrx_word' id='word_1_224' title='bbox 337 3139 487 3226; x_wconf 85' lang='grc' dir='ltr'>ἐννοὴοαι</span> <span class='ocrx_word' id='word_1_225' title='bbox 509 3139 652 3217; x_wconf 83' lang='grc' dir='ltr'>δύναται,</span> <span class='ocrx_word' id='word_1_226' title='bbox 681 3136 723 3212; x_wconf 76' lang='grc' dir='ltr'>ὡς</span> <span class='ocrx_word' id='word_1_227' title='bbox 743 3133 785 3202; x_wconf 75' lang='grc' dir='ltr'>ὀύ</span> <span class='ocrx_word' id='word_1_228' title='bbox 808 3139 862 3202; x_wconf 83' lang='grc' dir='ltr'>διὰ</span> <span class='ocrx_word' id='word_1_229' title='bbox 886 3140 941 3225; x_wconf 90' lang='grc' dir='ltr'>τὴν</span> <span class='ocrx_word' id='word_1_230' title='bbox 965 3143 1067 3203; x_wconf 90' lang='grc' dir='ltr'>πίστιν</span> <span class='ocrx_word' id='word_1_231' title='bbox 1091 3142 1146 3201; x_wconf 89' lang='grc' dir='ltr'>καί</span> <span class='ocrx_word' id='word_1_232' title='bbox 1175 3137 1336 3222; x_wconf 87' lang='grc' dir='ltr'>συμβόλου</span> <span class='ocrx_word' id='word_1_233' title='bbox 1359 3139 1512 3223; x_wconf 74' lang='grc' dir='ltr'>προσθη-</span> 
     </span>
     <span class='ocr_line' id='line_1_24' title="bbox 237 3257 1512 3350; baseline -0.003 -22"><span class='ocrx_word' id='word_1_234' title='bbox 237 3283 298 3350; x_wconf 88' lang='grc' dir='ltr'>κην</span> <span class='ocrx_word' id='word_1_235' title='bbox 322 3259 439 3328; x_wconf 80' lang='grc' dir='ltr'>αύτόδι</span> <span class='ocrx_word' id='word_1_236' title='bbox 464 3257 689 3348; x_wconf 79' lang='grc' dir='ltr'>παρεγίνοντο,</span> <span class='ocrx_word' id='word_1_237' title='bbox 716 3260 787 3326; x_wconf 77' lang='grc' dir='ltr'>ἀλλ’</span> <span class='ocrx_word' id='word_1_238' title='bbox 808 3260 861 3327; x_wconf 88' lang='grc' dir='ltr'>ἵνα</span> <span class='ocrx_word' id='word_1_239' title='bbox 884 3266 973 3329; x_wconf 67' lang='grc' dir='ltr'>κατὰ»</span> <span class='ocrx_word' id='word_1_240' title='bbox 993 3265 1027 3326; x_wconf 85' lang='grc' dir='ltr'>τό</span> <span class='ocrx_word' id='word_1_241' title='bbox 1052 3261 1168 3335; x_wconf 76' lang='grc' dir='ltr'>εἰωθός</span> <span class='ocrx_word' id='word_1_242' title='bbox 1191 3265 1315 3336; x_wconf 70' lang='grc' dir='ltr'>ζιζάνια</span> <span class='ocrx_word' id='word_1_243' title='bbox 1342 3265 1512 3347; x_wconf 74' lang='grc' dir='ltr'>σπείρουσιν</span> 
     </span>
     <span class='ocr_line' id='line_1_25' title="bbox 239 3381 1511 3475; baseline -0.002 -22"><span class='ocrx_word' id='word_1_244' title='bbox 239 3387 418 3475; x_wconf 73' lang='grc' dir='ltr'>ἀναμεταξύ</span> <span class='ocrx_word' id='word_1_245' title='bbox 446 3391 563 3474; x_wconf 78' lang='grc' dir='ltr'>πατρὸς</span> <span class='ocrx_word' id='word_1_246' title='bbox 592 3391 648 3452; x_wconf 87' lang='grc' dir='ltr'>καί</span> <span class='ocrx_word' id='word_1_247' title='bbox 676 3387 753 3452; x_wconf 81' lang='grc' dir='ltr'>οἱοί.</span> <span class='ocrx_word' id='word_1_248' title='bbox 784 3385 835 3475; x_wconf 80' lang='grc' dir='ltr'>ἀφ’</span> <span class='ocrx_word' id='word_1_249' title='bbox 859 3383 898 3451; x_wconf 82' lang='grc' dir='ltr'>ού</span> <span class='ocrx_word' id='word_1_250' title='bbox 921 3387 956 3452; x_wconf 86' lang='grc' dir='ltr'>δὲ</span> <span class='ocrx_word' id='word_1_251' title='bbox 989 3381 1079 3474; x_wconf 83' lang='grc' dir='ltr'>τύρσν</span> <span class='ocrx_word' id='word_1_252' title='bbox 1103 3388 1157 3472; x_wconf 87' lang='grc' dir='ltr'>τὴν</span> <span class='ocrx_word' id='word_1_253' title='bbox 1182 3385 1308 3473; x_wconf 77' lang='grc' dir='ltr'>ἀγάπην</span> <span class='ocrx_word' id='word_1_254' title='bbox 1333 3395 1389 3472; x_wconf 84' lang='grc' dir='ltr'>τῆς</span> <span class='ocrx_word' id='word_1_255' title='bbox 1413 3387 1511 3470; x_wconf 90' lang='grc' dir='ltr'>βασι-</span> 
     </span>
     <span class='ocr_line' id='line_1_26' title="bbox 238 3507 1512 3600; baseline -0.002 -24"><span class='ocrx_word' id='word_1_256' title='bbox 238 3515 326 3586; x_wconf 81' lang='grc' dir='ltr'>λείας</span> <span class='ocrx_word' id='word_1_257' title='bbox 350 3533 408 3578; x_wconf 90' lang='grc' dir='ltr'>σου</span> <span class='ocrx_word' id='word_1_258' title='bbox 432 3515 679 3600; x_wconf 80' lang='grc' dir='ltr'>σταθηρανκαί</span> <span class='ocrx_word' id='word_1_259' title='bbox 703 3509 906 3576; x_wconf 75' lang='grc' dir='ltr'>ἀδιάπτωτον</span> <span class='ocrx_word' id='word_1_260' title='bbox 930 3516 987 3583; x_wconf 86' lang='grc' dir='ltr'>καί</span> <span class='ocrx_word' id='word_1_261' title='bbox 1010 3520 1066 3597; x_wconf 80' lang='grc' dir='ltr'>τῆς</span> <span class='ocrx_word' id='word_1_262' title='bbox 1090 3520 1245 3597; x_wconf 79' lang='grc' dir='ltr'>πατρικῆς</span> <span class='ocrx_word' id='word_1_263' title='bbox 1269 3507 1396 3596; x_wconf 80' lang='grc' dir='ltr'>ἀγάπης</span> <span class='ocrx_word' id='word_1_264' title='bbox 1420 3507 1512 3596; x_wconf 78' lang='grc' dir='ltr'>ἀχύ-</span> 
     </span>
     <span class='ocr_line' id='line_1_27' title="bbox 239 3631 1509 3724; baseline -0.002 -23"><span class='ocrx_word' id='word_1_265' title='bbox 239 3656 353 3722; x_wconf 86' lang='grc' dir='ltr'>ριστον,</span> <span class='ocrx_word' id='word_1_266' title='bbox 379 3631 486 3702; x_wconf 81' lang='grc' dir='ltr'>ούκίτι</span> <span class='ocrx_word' id='word_1_267' title='bbox 508 3641 614 3723; x_wconf 83' lang='grc' dir='ltr'>πρόσω</span> <span class='ocrx_word' id='word_1_268' title='bbox 630 3647 743 3724; x_wconf 79' lang='grc' dir='ltr'>χωρεῖν</span> <span class='ocrx_word' id='word_1_269' title='bbox 767 3634 959 3723; x_wconf 87' lang='grc' dir='ltr'>ἐτόλμησαν,</span> <span class='ocrx_word' id='word_1_270' title='bbox 984 3635 1028 3708; x_wconf 85' lang='grc' dir='ltr'>είς</span> <span class='ocrx_word' id='word_1_271' title='bbox 1051 3636 1192 3710; x_wconf 75' lang='grc' dir='ltr'>διάλεξιν</span> <span class='ocrx_word' id='word_1_272' title='bbox 1214 3635 1286 3708; x_wconf 87' lang='grc' dir='ltr'>τούς</span> <span class='ocrx_word' id='word_1_273' title='bbox 1309 3635 1425 3712; x_wconf 91' lang='grc' dir='ltr'>λόγους</span> <span class='ocrx_word' id='word_1_274' title='bbox 1449 3657 1509 3719; x_wconf 87' lang='grc' dir='ltr'>με-</span> 
     </span>
     <span class='ocr_line' id='line_1_28' title="bbox 235 3755 1509 3847; baseline -0.002 -23"><span class='ocrx_word' id='word_1_275' title='bbox 235 3765 450 3845; x_wconf 83' lang='grc' dir='ltr'>τατρέποντες·</span> <span class='ocrx_word' id='word_1_276' title='bbox 473 3758 729 3846; x_wconf 77' lang='grc' dir='ltr'>άιδιόριστυν,··ίιγἸ</span> <span class='ocrx_word' id='word_1_277' title='bbox 752 3758 783 3823; x_wconf 84' lang='grc' dir='ltr'>ἐν</span> <span class='ocrx_word' id='word_1_278' title='bbox 807 3762 906 3846; x_wconf 82' lang='grc' dir='ltr'>τούτῳ</span> <span class='ocrx_word' id='word_1_279' title='bbox 932 3758 1138 3847; x_wconf 74' lang='grc' dir='ltr'>λπικαλυιρδη</span> <span class='ocrx_word' id='word_1_280' title='bbox 1160 3755 1192 3846; x_wconf 88' lang='grc' dir='ltr'>ἡ</span> <span class='ocrx_word' id='word_1_281' title='bbox 1206 3763 1308 3825; x_wconf 87' lang='grc' dir='ltr'>κακία</span> <span class='ocrx_word' id='word_1_282' title='bbox 1333 3755 1445 3823; x_wconf 70' lang='grc' dir='ltr'>αὐτῶν·</span> <span class='ocrx_word' id='word_1_283' title='bbox 1469 3755 1509 3822; x_wconf 88' lang='grc' dir='ltr'>ἐκ</span> 
     </span>
     <span class='ocr_line' id='line_1_29' title="bbox 239 3881 1508 3972; baseline -0.002 -24"><span class='ocrx_word' id='word_1_284' title='bbox 239 3889 299 3972; x_wconf 79' lang='grc' dir='ltr'>γὰρ</span> <span class='ocrx_word' id='word_1_285' title='bbox 322 3895 383 3951; x_wconf 81' lang='grc' dir='ltr'>τῶν</span> <span class='ocrx_word' id='word_1_286' title='bbox 408 3881 489 3950; x_wconf 83' lang='grc' dir='ltr'>ούτυ</span> <span class='ocrx_word' id='word_1_287' title='bbox 511 3881 582 3970; x_wconf 83' lang='grc' dir='ltr'>παρ’</span> <span class='ocrx_word' id='word_1_288' title='bbox 608 3881 710 3950; x_wconf 75' lang='grc' dir='ltr'>αὐτῶν</span> <span class='ocrx_word' id='word_1_289' title='bbox 728 3887 951 3971; x_wconf 63' lang='grc' dir='ltr'>’προτιθέντων</span> <span class='ocrx_word' id='word_1_290' title='bbox 973 3893 1036 3958; x_wconf 88' lang='grc' dir='ltr'>τάς</span> <span class='ocrx_word' id='word_1_291' title='bbox 1060 3903 1106 3956; x_wconf 90' lang='grc' dir='ltr'>τις</span> <span class='ocrx_word' id='word_1_292' title='bbox 1129 3885 1275 3962; x_wconf 83' lang='grc' dir='ltr'>συνάγειν</span> <span class='ocrx_word' id='word_1_293' title='bbox 1299 3885 1354 3948; x_wconf 88' lang='grc' dir='ltr'>καί</span> <span class='ocrx_word' id='word_1_294' title='bbox 1385 3903 1508 3967; x_wconf 84' lang='grc' dir='ltr'>συμπε-</span> 
     </span>
     <span class='ocr_line' id='line_1_30' title="bbox 236 4000 1509 4094; baseline -0.002 -22"><span class='ocrx_word' id='word_1_295' title='bbox 236 4013 354 4094; x_wconf 85' lang='grc' dir='ltr'>ραίνειν</span> <span class='ocrx_word' id='word_1_296' title='bbox 389 4009 546 4084; x_wconf 86' lang='grc' dir='ltr'>δύνατατ,-</span> <span class='ocrx_word' id='word_1_297' title='bbox 571 4006 614 4082; x_wconf 78' lang='grc' dir='ltr'>ὡς</span> <span class='ocrx_word' id='word_1_298' title='bbox 647 4004 705 4072; x_wconf 84' lang='grc' dir='ltr'>ούκ</span> <span class='ocrx_word' id='word_1_299' title='bbox 741 4005 864 4074; x_wconf 73' lang='grc' dir='ltr'>εὐθεῖαι</span> <span class='ocrx_word' id='word_1_300' title='bbox 882 4006 925 4072; x_wconf 79' lang='grc' dir='ltr'>ἀἱ</span> <span class='ocrx_word' id='word_1_301' title='bbox 949 4009 1050 4092; x_wconf 80' lang='grc' dir='ltr'>τρίβου</span> <span class='ocrx_word' id='word_1_302' title='bbox 1073 4002 1190 4084; x_wconf 80' lang='grc' dir='ltr'>αύτῶν,</span> <span class='ocrx_word' id='word_1_303' title='bbox 1226 4010 1281 4070; x_wconf 86' lang='grc' dir='ltr'>καί</span> <span class='ocrx_word' id='word_1_304' title='bbox 1317 4000 1449 4092; x_wconf 77' lang='grc' dir='ltr'>ῥυπαροὶ</span> <span class='ocrx_word' id='word_1_305' title='bbox 1478 4006 1509 4070; x_wconf 88' lang='grc' dir='ltr'>υἱ</span> 
     </span>
     <span class='ocr_line' id='line_1_31' title="bbox 237 4130 1099 4220; baseline -0.002 -22"><span class='ocrx_word' id='word_1_306' title='bbox 237 4135 332 4208; x_wconf 83' lang='grc' dir='ltr'>πόδες</span> <span class='ocrx_word' id='word_1_307' title='bbox 356 4131 468 4212; x_wconf 78' lang='grc' dir='ltr'>αὐτῶν,</span> <span class='ocrx_word' id='word_1_308' title='bbox 492 4137 569 4220; x_wconf 85' lang='grc' dir='ltr'>πρός</span> <span class='ocrx_word' id='word_1_309' title='bbox 594 4137 629 4199; x_wconf 86' lang='grc' dir='ltr'>τὸ</span> <span class='ocrx_word' id='word_1_310' title='bbox 653 4142 714 4198; x_wconf 81' lang='grc' dir='ltr'>που</span> <span class='ocrx_word' id='word_1_311' title='bbox 730 4130 919 4213; x_wconf 77' lang='grc' dir='ltr'>εὐαγγελίου</span> <span class='ocrx_word' id='word_1_312' title='bbox 941 4135 1099 4219; x_wconf 82' lang='grc' dir='ltr'>κηρυγμα.</span> 
     </span>
    </p>

    <p class='ocr_par' dir='ltr' id='par_1_7' title="bbox 238 4253 1507 4846">
     <span class='ocr_line' id='line_1_32' title="bbox 287 4253 1506 4346; baseline -0.006 -19"><span class='ocrx_word' id='word_1_313' title='bbox 287 4319 289 4327; x_wconf 37' lang='lat'><em>2</em></span> <span class='ocrx_word' id='word_1_314' title='bbox 325 4257 481 4325; x_wconf 82' lang='grc' dir='ltr'>Βούλτται</span> <span class='ocrx_word' id='word_1_315' title='bbox 515 4261 551 4324; x_wconf 88' lang='grc' dir='ltr'>δέ</span> <span class='ocrx_word' id='word_1_316' title='bbox 574 4255 674 4346; x_wconf 68' lang='grc' dir='ltr'>καίιὴ</span> <span class='ocrx_word' id='word_1_317' title='bbox 696 4253 867 4345; x_wconf 74' lang='grc' dir='ltr'>αἶδριύτης</span> <span class='ocrx_word' id='word_1_318' title='bbox 892 4253 983 4344; x_wconf 81' lang='grc' dir='ltr'>ἡμῶν</span> <span class='ocrx_word' id='word_1_319' title='bbox 1016 4255 1160 4343; x_wconf 66' lang='grc' dir='ltr'>πατρικῷ</span> <span class='ocrx_word' id='word_1_320' title='bbox 1189 4253 1292 4343; x_wconf 83' lang='grc' dir='ltr'>τρόπῳ</span> <span class='ocrx_word' id='word_1_321' title='bbox 1324 4259 1379 4344; x_wconf 86' lang='grc' dir='ltr'>τὴν</span> <span class='ocrx_word' id='word_1_322' title='bbox 1402 4255 1506 4343; x_wconf 79' lang='grc' dir='ltr'>υἱικὴν</span> 
     </span>
     <span class='ocr_line' id='line_1_33' title="bbox 239 4377 1506 4469; baseline -0.003 -20"><span class='ocrx_word' id='word_1_323' title='bbox 239 4403 303 4449; x_wconf 88' lang='grc' dir='ltr'>σου·</span> <span class='ocrx_word' id='word_1_324' title='bbox 332 4381 477 4469; x_wconf 74' lang='grc' dir='ltr'>ἐλέγχειν</span> <span class='ocrx_word' id='word_1_325' title='bbox 511 4385 673 4459; x_wconf 68' lang='grc' dir='ltr'>διάθεσιν,</span> <span class='ocrx_word' id='word_1_326' title='bbox 706 4395 775 4456; x_wconf 75' lang='grc' dir='ltr'>πῶς</span> <span class='ocrx_word' id='word_1_327' title='bbox 798 4379 1060 4467; x_wconf 45' lang='grc' dir='ltr'>ίίνευίπατρικοῦ,</span> <span class='ocrx_word' id='word_1_328' title='bbox 1090 4382 1304 4467; x_wconf 84' lang='grc' dir='ltr'>βουλεύματος</span> <span class='ocrx_word' id='word_1_329' title='bbox 1338 4377 1506 4467; x_wconf 78' lang='grc' dir='ltr'>ἠθέλησας</span> 
     </span>
     <span class='ocr_line' id='line_1_34' title="bbox 239 4503 1505 4596; baseline 0 -24"><span class='ocrx_word' id='word_1_330' title='bbox 239 4505 484 4595; x_wconf 77' lang='grc' dir='ltr'>ἀπυκρισαρίοος</span> <span class='ocrx_word' id='word_1_331' title='bbox 517 4512 594 4596; x_wconf 86' lang='grc' dir='ltr'>πρός</span> <span class='ocrx_word' id='word_1_332' title='bbox 629 4512 682 4575; x_wconf 85' lang='grc' dir='ltr'>τόν</span> <span class='ocrx_word' id='word_1_333' title='bbox 700 4511 816 4579; x_wconf 81' lang='grc' dir='ltr'>πάππν</span> <span class='ocrx_word' id='word_1_334' title='bbox 843 4505 992 4578; x_wconf 83' lang='grc' dir='ltr'>στέλλειν.</span> <span class='ocrx_word' id='word_1_335' title='bbox 1010 4505 1084 4571; x_wconf 71' lang='grc' dir='ltr'>,ἔδει</span> <span class='ocrx_word' id='word_1_336' title='bbox 1108 4507 1162 4592; x_wconf 84' lang='grc' dir='ltr'>ιὴν</span> <span class='ocrx_word' id='word_1_337' title='bbox 1198 4503 1324 4592; x_wconf 84' lang='grc' dir='ltr'>ἀγάπην</span> <span class='ocrx_word' id='word_1_338' title='bbox 1359 4525 1415 4569; x_wconf 91' lang='grc' dir='ltr'>σου</span> <span class='ocrx_word' id='word_1_339' title='bbox 1451 4507 1505 4593; x_wconf 85' lang='grc' dir='ltr'>τὴν</span> 
     </span>
     <span class='ocr_line' id='line_1_35' title="bbox 238 4627 1507 4722; baseline -0.003 -24"><span class='ocrx_word' id='word_1_340' title='bbox 238 4630 394 4722; x_wconf 76' lang='grc' dir='ltr'>ἡμετέραν</span> <span class='ocrx_word' id='word_1_341' title='bbox 416 4637 545 4720; x_wconf 81' lang='grc' dir='ltr'>τρόπος</span> <span class='ocrx_word' id='word_1_342' title='bbox 567 4632 647 4700; x_wconf 83' lang='grc' dir='ltr'>έλείν</span> <span class='ocrx_word' id='word_1_343' title='bbox 672 4633 798 4721; x_wconf 85' lang='grc' dir='ltr'>βουλὴν.</span> <span class='ocrx_word' id='word_1_344' title='bbox 822 4635 1044 4718; x_wconf 81' lang='grc' dir='ltr'>πεπειραμένοι</span> <span class='ocrx_word' id='word_1_345' title='bbox 1068 4634 1129 4716; x_wconf 85' lang='grc' dir='ltr'>γὰρ</span> <span class='ocrx_word' id='word_1_346' title='bbox 1152 4639 1212 4694; x_wconf 80' lang='grc' dir='ltr'>τῶν</span> <span class='ocrx_word' id='word_1_347' title='bbox 1236 4627 1298 4694; x_wconf 85' lang='grc' dir='ltr'>ύδί</span> <span class='ocrx_word' id='word_1_348' title='bbox 1321 4627 1426 4717; x_wconf 76' lang='grc' dir='ltr'>ἐσμεν,</span> <span class='ocrx_word' id='word_1_349' title='bbox 1449 4631 1507 4696; x_wconf 86' lang='grc' dir='ltr'>ιιαί</span> 
     </span>
     <span class='ocr_line' id='line_1_36' title="bbox 239 4750 1504 4846; baseline -0.005 -21"><span class='ocrx_word' id='word_1_350' title='bbox 239 4767 308 4834; x_wconf 73' lang='grc' dir='ltr'>τῶν,</span> <span class='ocrx_word' id='word_1_351' title='bbox 322 4753 513 4844; x_wconf 81' lang='grc' dir='ltr'>τοιούτονὴ</span> <span class='ocrx_word' id='word_1_352' title='bbox 536 4763 645 4822; x_wconf 80' lang='grc' dir='ltr'>κακία·</span> <span class='ocrx_word' id='word_1_353' title='bbox 660 4755 749 4846; x_wconf 76' lang='grc' dir='ltr'>ἡμᾶς</span> <span class='ocrx_word' id='word_1_354' title='bbox 770 4752 807 4822; x_wconf 85' lang='grc' dir='ltr'>ού</span> <span class='ocrx_word' id='word_1_355' title='bbox 831 4751 1064 4834; x_wconf 66' lang='grc' dir='ltr'>λανδάνει,’ύς</span> <span class='ocrx_word' id='word_1_356' title='bbox 1087 4750 1255 4842; x_wconf 82' lang='grc' dir='ltr'>καί,·ἡμι·ις</span> <span class='ocrx_word' id='word_1_357' title='bbox 1280 4751 1318 4818; x_wconf 83' lang='grc' dir='ltr'>ἐκ</span> <span class='ocrx_word' id='word_1_358' title='bbox 1341 4763 1401 4818; x_wconf 77' lang='grc' dir='ltr'>τῶν</span> <span class='ocrx_word' id='word_1_359' title='bbox 1424 4775 1504 4842; x_wconf 87' lang='grc' dir='ltr'>φυσ-</span> 
     </span>
    </p>
   </div>
   <div class='ocr_carea' id='block_1_7' title="bbox 0 0 1578 5268">
    <p class='ocr_par' dir='ltr' id='par_1_8' title="bbox 0 0 1578 5268">
     <span class='ocr_line' id='line_1_37' title="bbox 0 0 1578 5268; baseline 0 0"><span class='ocrx_word' id='word_1_360' title='bbox 0 0 1578 5268; x_wconf 95' lang='lat' dir='ltr'> </span> 
     </span>
    </p>
   </div>
  </div>
 </body>
</html>
