3148 5268
261 358 324 424 11⁶
431 423 434 430 ι

253 554 495 638 τριακοσιοστὺν
522 555 786 638 τεσσαρακοστὸν
812 553 958 638 δεύτερον
986 551 1058 625 έτος
1085 559 1141 636 τῆς
1164 551 1302 635 δεκάτης
1329 548 1529 620 ὑνδικτιῶνος

254 687 294 763 τη
322 675 455 762 εἰκοστῇ
488 679 615 762 πέμπτη
642 673 748 762 ἡμέρη
782 685 837 740 τοῦ
872 680 1005 761 μαρτίου
1034 677 1148 761 μηνὸς,
1184 671 1247 760 οὑχ
1269 671 1386 761 ἥκιστα
1410 673 1446 737 δέ
1470 675 1530 736 καί

255 803 313 872 τοῖς
333 801 393 885 πρὺ
409 796 515 887 ,αὐτῆς
536 801 763 885 παρελθοὺοας
787 798 897 886 ἑτέρας
919 801 1032 886 τρέβας
1056 802 1136 885 μετά
1158 801 1283 863 πάντων
1303 801 1359 862 καί
1378 795 1530 863 έκάστων

256 933 317 988 τῶν
342 924 541 1012 κεφαλαίων,
572 920 770 1002 ὑποθέσεων,
807 933 991 1011 συμφωνιῶν
1014 945 1047 986 τε
1075 926 1133 987 καί
1155 909 1326 1008 συνθηκῶν
1347 925 1404 986 καί
1426 921 1531 1006 δηλο-

188 1137 190 1140 .
255 1051 411 1134 ποιήσεων
440 1052 496 1112 καί
525 1049 735 1127 ἐπαγγελιῶν,
766 1051 896 1132 προσέτι
923 1048 1039 1112 δὲκαὶ
1063 1047 1283 1132 έπικυράσειον.
1306 1051 1361 1112 καί
1385 1057 1445 1110 τῶν
1468 1053 1531 1131 τῆς

255 1171 434 1258 καταδίκης
456 1173 652 1258 προσθηκῶν
677 1182 736 1236 τῶν
761 1172 794 1237 έν
819 1168 926 1245 αὐταῖς
943 1169 1238 1258 έμπεριειλημένων,
1262 1172 1355 1234 καθὰ
1370 1169 1410 1256 δη
1428 1175 1530 1255 μέχρι

256 1294 313 1360 καὶ
327 1297 362 1370 ές
378 1297 470 1381 δεῦρο
487 1294 582 1360 εἴωθε
599 1298 756 1375 γίνεσθαι,
784 1293 1055 1382 ἐπαγγελλόμενοι
1079 1293 1108 1359 οἱ
1131 1303 1269 1359 τοιοῦτοι
1290 1291 1443 1358 αὑθένται
1466 1298 1529 1357 καί

257 1420 399 1502 βασιλεῖς
426 1417 521 1507 ἄμφω
549 1415 629 1505 ὑμοιῖ
657 1423 712 1482 καί
740 1417 892 1506 ἑκάτερος
921 1415 1022 1486 αὑτῶν
1049 1419 1121 1483 κατ’
1147 1417 1231 1484 ἰδίαν
1262 1419 1316 1482 διὰ
1341 1423 1528 1504 συμφωνίας

255 1538 428 1629 ὑποσχέσει
447 1555 612 1632 περιφανεῖ
633 1548 909 1631 κατωχορωμένης
931 1548 987 1608 καί
1010 1541 1049 1607 δι’
1075 1541 1193 1608 έαοτῶν
1212 1545 1269 1607 καί
1289 1553 1349 1607 τῶν
1365 1543 1529 1628 κληρονό-

256 1687 321 1752 μων
342 1671 398 1732 καί
419 1667 580 1754 διαδόχων
610 1663 711 1732 αὑτῶν
740 1667 782 1753 τῴ
808 1670 940 1753 τοιοὺτιρ
966 1670 1145 1755 πρεσβευτῇ
1173 1666 1438 1754 ἐπαγγελλομένῳ
1466 1671 1529 1730 καῖ

255 1788 340 1877 αὑτῷ
361 1794 418 1856 καὶ
448 1789 706 1876 ἀναλαμβάνοντι
734 1800 834 1856 ταῦτα
858 1791 901 1878 τῷ
924 1789 1054 1878 ὑνόματι
1078 1797 1134 1856 καί
1158 1792 1273 1876 δικαίῳ
1298 1799 1352 1855 τοῦ
1376 1792 1527 1854 τοιοὺτοο

255 1919 366 2002 κυρίου
397 1917 513 1989 δουκὺς
536 1921 592 1980 καί
615 1923 670 1980 τοῦ
693 1921 863 2003 κορουνίοο
887 1925 943 2003 τῆς
965 1917 1129 1995 Βενετίας,
1164 1917 1273 1981 δοῦναι
1296 1921 1352 1982 καί
1376 1913 1530 1980 ἀποτῖσαι

256 2036 341 2127 αὑτῷ
362 2042 406 2129 τῷ
426 2045 524 2126 κυρίῳ
548 2041 639 2106 δουκί
661 2038 682 2127 ἢ
706 2039 751 2127 τηῖ
772 2045 856 2106 κατὰ
880 2041 1012 2127 καιροὺς
1036 2040 1177 2128 ἐσομένῳ
1200 2045 1256 2105 καί
1280 2043 1322 2127 τῷ
1343 2045 1530 2126 κοσμοονίφ

254 2175 318 2252 τῆς
333 2163 483 2237 Βενετίας
505 2161 613 2245 ένεκεν
636 2175 695 2228 τῶν
725 2162 957 2252 ἐπενεχθεισῶν
982 2177 1045 2238 τοῖς
1068 2165 1250 2240 Βενετίκοις
1276 2169 1332 2228 καί
1356 2177 1419 2238 τοῖς
1444 2160 1529 2228 ὑπο-

255 2292 458 2374 τεταγμένοις
482 2282 567 2372 αὑτιβ
590 2285 633 2374 τῷ
656 2287 797 2376 ἐπιφανεῖ
820 2297 879 2374 κῶρ
904 2289 995 2352 δοοκί
1018 2287 1073 2352 καί
1096 2287 1142 2373 τιβ
1164 2293 1325 2374 κομουνίιρ
1347 2298 1402 2375 τῆς
1425 2287 1530 2353 Βενε-

256 2416 324 2485 τίας
353 2416 472 2498 ζημιῶν
498 2414 585 2497 παρά
612 2419 724 2475 τετοῦ
752 2413 832 2476 λαοῦ
855 2415 912 2476 καί
935 2421 994 2476 τῶν
1023 2407 1282 2497 ὑποτεταγμένων
1311 2423 1350 2498 τη
1373 2413 1529 2496 βασιλεία

255 2531 357 2602 αὑτῶν
379 2539 708 2620 τριακοντατέσσαρας
735 2535 886 2620 χιλιάδας
913 2543 1037 2621 χρυσῶν
1069 2531 1248 2620 ὑπερπὺρων
1269 2535 1526 2622 πολιτευομένων

256 2653 457 2744 εὑστάθμωνν
474 2667 528 2744 τῆς
556 2657 937 2736 Κωνσταντινοοπόλεως,
955 2657 1060 2746 Ιἤγουν
1087 2661 1216 2724 δώδεκα
1243 2660 1393 2746 χιλιάδας
1425 2655 1527 2745 ὑπερ-

254 2785 371 2869 πὺρων,
401 2781 480 2870 άπερ
507 2782 688 2870 έλοιπάσθη
713 2806 746 2848 τε
770 2789 826 2848 καί
857 2785 1041 2858 λοιπάζεται
1064 2781 1085 2872 ἡ
1110 2783 1330 2868 βασιλεία,έπί
1354 2788 1397 2871 τῷ
1420 2783 1529 2852 ἁπεκ-

256 2907 364 2992 βαλεῖν
388 2905 449 2972 ἀπὸ
473 2919 533 2972 τῶν
556 2909 730 2974 δεκαεννέα
753 2908 905 2994 χιλιάδων
930 2919 989 2972 τῶν
1013 2909 1047 2973 έν
1071 2905 1152 2995 αὐτη
1176 2920 1214 2995 τη
1233 2909 1334 2995 Ιτρέβη
1363 2910 1529 2995 ἐμπεριει-

255 3032 422 3118 λημμένων
445 3037 501 3096 καί
525 3032 582 3096 δὺο
604 3035 661 3098 καὶ
684 3031 788 3098 εἴκοσι
810 3031 960 3120 χιλιάδας
991 3027 1170 3118 ὑπερπὺρων
1190 3025 1300 3098 ένεκεν
1324 3043 1384 3096 τῶν
1407 3033 1527 3098 δοθει-

255 3165 318 3220 σῶν
342 3159 464 3242 ζημιῶν
484 3158 571 3242 παρά
594 3177 628 3219 τε
651 3164 705 3222 τοὺ
725 3158 906 3244 δήμου-καί
928 3167 989 3220 τῶν
1013 3151 1159 3242 ὑπηκόων
1183 3168 1228 3243 οη·
1247 3158 1395 3241 βασιλεία
1418 3155 1528 3222 αὑτῶν

164 3365 170 3378 .
255 3282 336 3364 μετὰ
364 3282 399 3343 τὰ
435 3282 589 3359 γενέσθαι
615 3280 671 3366 την
698 3281 883 3346 τελευταίαν
903 3281 1024 3366 ,τρέβαν
1053 3276 1113 3344 ὑπὸ
1142 3279 1365 3368 ένοχοπυιησει
1398 3285 1527 3348 πάντων

254 3413 315 3467 τῶν
340 3400 474 3481 ἀγαθῶν
498 3399 603 3467 αὑτῶν
624 3425 657 3466 τε
680 3407 736 3468 καί
759 3413 815 3491 τῆς
839 3405 1003 3488 βασιλείας
1029 3402 1142 3482 αὑτῶν,
1167 3401 1219 3492 ἀφ’
1243 3401 1285 3469 ῶν
1307 3405 1348 3491 δὴ
1373 3425 1528 3491 τριακον-

131 3540 132 3543 ’
253 3529 456 3612 τατεοσάρων
485 3527 638 3614 χιλιάδων
667 3523 848 3613 ὑπερπὺρῶν
876 3527 1038 3592 δεδώκασι
1065 3532 1121 3592 καὶ
1150 3525 1368 3612 ἀπέτισαν-τη
1391 3532 1526 3614 τοιούτῳ

253 3659 313 3738 κῡρ
350 3648 580 3737 άποκριοιαρίιρ
608 3650 651 3737 τῷ
678 3650 945 3738 ἐπαγγελλομένῳ
977 3643 1034 3716 καὶ
1063 3647 1321 3738 ἀναλαμβάνοντι
1351 3661 1451 3718 ταῦτα
1483 3654 1529 3739 τῷ

255 3778 470 3862 προρρηθέντι
490 3773 630 3862 ὑνὺματι
657 3771 817 3862 ὑπέρπορα
844 3775 1090 3862 πεντακισχίλια
1117 3781 1174 3841 καί
1201 3765 1354 3853 έξακὺσια
1389 3777 1528 3865 ἑξηκον-

255 3905 390 3978 ταεπτὰ,
419 3903 454 3964 τὰ
479 3897 506 3963 δ’
529 3895 714 3981 ὑπόλοιπον,
744 3895 821 3986 ὑπερ
848 3897 932 3964 ἐστίν
964 3895 1144 3988 ὑπερπὺρων
1168 3899 1357 3966 εἰκοσιοκτὼ
1378 3903 1530 3988 χιλιάδες

254 4031 311 4091 καί
334 4029 504 4110 τριακόσια
528 4029 783 4111 τριακοντατρία,
820 4025 929 4090 δοῶναι
958 4029 1014 4089 καί
1042 4023 1190 4092 ἀποτῖσαι
1226 4024 1453 4112 ἐπηγγείλαντο
1489 4027 1530 4091 δι’

255 4147 374 4216 ἑαυτῶν
397 4151 453 4214 καί
484 4159 544 4212 τῶν
574 4149 781 4234 κληρονόμων
808 4153 876 4218 καί,
891 4149 1051 4235 διαδόχων
1079 4146 1180 4216 αὑτῶν
1210 4147 1294 4236 αὑτῷ
1317 4150 1362 4236 τιρ
1384 4149 1531 4239 ἐπιφανεῖ

255 4281 315 4360 κάρ
342 4273 434 4338 δοοκί
460 4275 517 4338 καί
544 4272 588 4358 τῷ
613 4277 772 4358 κομουνίιρ
807 4281 863 4358 τῆς
891 4271 1040 4347 Βενετίας
1069 4279 1163 4361 μέχρι
1190 4273 1246 4340 καί
1276 4278 1366 4342 πέντε
1401 4279 1529 4362 χρόνων

255 4397 397 4483 πλησίων
412 4397 657 4483 έλευσομένων,
687 4393 769 4460 τοῦτ’
794 4395 861 4461 ἔστι
884 4399 920 4462 τὺ
942 4393 1036 4462 έκτον
1059 4409 1119 4464 τῶν
1144 4393 1305 4485 βηθεισῶν
1334 4398 1528 4465 εἰκοσιοκτὼ

256 4521 410 4608 χιλιάδων
432 4515 612 4608 ὑπερπὺρων
635 4523 692 4584 καί
716 4523 905 4606 τριακοσίων
930 4533 1194 4609 τριακοντατριῶν
1219 4521 1280 4592 άπὺ
1305 4533 1360 4611 τῆς
1384 4527 1528 4612 σήμερον

256 4642 380 4733 ἡμέρας
404 4647 498 4730 μέχρι
520 4649 577 4710 καί
600 4648 717 4732 χρίνοο
740 4643 809 4718 ένὺς
832 4650 888 4709 καί
911 4654 1022 4712 τοῦτον
1043 4650 1096 4712 τὸν
1121 4650 1234 4732 τρόπον
1258 4653 1342 4714 κατά
1366 4649 1528 4737 διαδοχὴν

258 4767 360 4847 έτοος,
385 4767 483 4854 ἄχρις
503 4765 540 4834 ἂν
562 4773 684 4847 γένοιτο
701 4766 920 4855 ἱκανοποίησις
943 4769 1070 4856 ἐντελὴς
1092 4774 1215 4836 πάντων
1239 4781 1299 4838 τῶν
1321 4777 1527 4863 προρρηθέν-
