3182 5264
1331 337 1373 400 23

109 538 162 614 τής
183 529 343 615 δημοσίας
366 527 443 594 ύδυύ
466 533 581 616 πήχεις
605 529 707 594 εἴκοσι
734 531 789 593 δύο
814 533 892 613 πρύς
916 529 959 613 τῷ
980 523 1104 614 ἡμίσει,
1129 525 1171 599 ὡς
1195 536 1249 591 τυύ
1274 532 1376 592 κοινά-

107 655 162 716 λυυ
195 651 380 739 ὀφείλοντος
415 648 494 717 εἶναι
530 655 691 718 ὲπικοίνου
718 653 775 716 καί
802 653 921 725 πλάτος
950 649 1013 716 ἀπό
1043 651 1298 738 τῆςιθαλάσσης
1323 649 1378 716 καί

107 782 200 862 μέχρι
225 787 282 841 τού
305 783 431 864 τείχους
456 781 537 862 μετὰ
561 783 616 842 καί
640 788 700 844 τῶν
723 779 800 862 πρός
825 780 860 842 τύ
885 789 989 864 τεῖχος
1013 775 1196 862 οἰκημάτων
1221 787 1280 841 τῶν
1304 778 1376 864 διη-

105 904 222 964 κόντων
259 906 354 988 μέχρι
388 907 523 988 κοίτης
550 905 627 987 πρός
662 899 820 988 ἀνατολήν
837 897 957 986 ’ὄψεως
992 910 1047 966 τού
1080 902 1200 986 πύργου
1224 911 1279 965 του
1302 904 1377 988 πρός

105 1027 190 1090 δύσιν
215 1022 305 1098 ὄντος
331 1036 385 1112 της
416 1029 534 1114 πόρτης
562 1036 617 1112 τῆς
640 1023 873 1112 Ἱκανατίσσης,
906 1027 941 1089 τύ
965 1025 1000 1088 δὲ
1024 1034 1128 1122 μῆκος
1157 1035 1217 1090 των
1240 1027 1317 1118 πρός
1341 1029 1376 1094 τύ

106 1162 210 1234 τεῖχος
247 1149 430 1237 οἰκημάτων
466 1153 546 1238 μετὰ
569 1149 625 1218 καί
648 1159 703 1214 τού
731 1149 869 1222 πλάτους
898 1157 954 1236 τής
982 1148 1140 1236 δημοσίας
1175 1152 1293 1236 πόρπης
1321 1161 1376 1238 τῆς

104 1273 322 1362 Ἱκανατίσσης
352 1275 414 1340 ἁπύ
446 1284 500 1340 τού
530 1281 629 1362 μέσου
647 1284 718 1340 ’τού
753 1277 873 1360 πύργου
901 1278 956 1338 καί
984 1277 1061 1358 πρύς
1090 1271 1248 1360 ἀνατολήν
1283 1280 1377 1362 μέχρι

103 1403 238 1484 κοίτης
274 1396 462 1487 ἀποφραγής
494 1407 548 1464 τού
578 1402 655 1484 πρὸς
679 1401 714 1464 τό
737 1409 846 1483 τεῖχος
880 1396 1056 1484 οἰκήματος
1090 1400 1145 1462 τού
1172 1399 1376 1485 διαφέροντος

103 1535 140 1608 τη
165 1521 304 1609 ίαδείση
330 1525 439 1607 σκάλη
463 1523 522 1598 ἔξω
546 1533 602 1610 της
624 1522 835 1609 παραδόσεως
862 1533 900 1608 τῇ
929 1532 985 1608 τῆς
1003 1530 1100 1606 μονής
1128 1529 1183 1586 τού
1211 1532 1271 1608 κύρ
1299 1521 1375 1590 Ἂν·

103 1651 229 1723 τωνίυυ,
253 1651 369 1734 πήχεις
397 1644 586 1724 δεκαεννία,
615 1649 651 1710 τύ
680 1647 715 1712 δὲ
740 1646 860 1720 πλάτος
885 1643 946 1710 ἀπό
970 1655 1025 1709 τού
1049 1649 1175 1732 τείχους
1200 1651 1254 1712 καί
1279 1651 1374 1734 μέχρι

102 1777 157 1833 τού
188 1772 341 1836 κανάλυυ.
370 1768 390 1858 ή
418 1775 521 1855 πόρια
553 1769 672 1858 ἰφείλει
702 1770 784 1834 εἰναι
810 1768 920 1844 ἄνετος
947 1773 1004 1834 καί
1036 1768 1163 1836 ἄνωθεν
1191 1767 1287 1858 αύτής
1319 1781 1375 1859 της

102 1889 258 1980 ῥηθείσης
283 1899 403 1982 πύρτης
440 1885 498 1959 οὐκ
534 1893 655 1982 ύφείλει
689 1897 862 1982 κτισθῆναι
897 1893 1018 1981 οἴκημα
1047 1892 1186 1980 οίονδήτι
1217 1893 1374 1982 ήὲτερύν

101 2041 129 2081 τι
152 2023 238 2102 παρὰ
261 2029 322 2083 τῶν
359 2021 507 2083 τοιούτων
541 2019 719 2096 Πισσαίων,
756 2018 842 2104 ἔχειν
866 2019 901 2082 δὲ
927 2005 1024 2104 αύτήν
1052 2019 1166 2089 καδύς
1195 2017 1261 2082 ἐστί
1289 2022 1373 2083 κατά

103 2144 157 2228 τήν
195 2147 336 2230 σήμερον
374 2136 509 2230 ἔχούσα.
551 2146 847 2230 συνιηρηδήσονται
890 2147 993 2207 τοίνυν
1026 2146 1067 2206 τά
1107 2141 1374 2230 ἀναγεγραμμένα

100 2271 203 2332 πάντα
227 2269 342 2352 βέβαια
365 2271 452 2354 παρά
478 2277 531 2356 τής
556 2270 721 2352 βασιλείας
746 2291 805 2354 μου
829 2272 884 2332 καί
908 2277 968 2330 τῶν
992 2269 1199 2355 κληρονόμων
1223 2272 1280 2332 καί
1303 2271 1374 2333 δια-

98 2393 206 2478 δόχων
231 2390 329 2481 αύτης
352 2397 408 2458 καί
436 2401 492 2480 της
521 2393 713 2480 Ῥωμανίας,
749 2391 832 2480 εἰπερ
857 2397 912 2458 καί
935 2391 954 2457 ό
978 2391 1019 2458 ὢν
1048 2392 1253 2480 ἐξουσιαστής
1277 2392 1309 2457 ἐν
1333 2393 1375 2480 τῷ

97 2522 228 2604 κάστριρ
252 2517 308 2582 καί
332 2529 372 2605 τῇ
394 2523 486 2604 χύρα
510 2527 566 2604 τῆς
589 2518 713 2605 Πίσσης
737 2522 792 2582 καί
814 2517 846 2582 οί
869 2519 1039 2583 κόνσουλοι
1066 2521 1122 2582 καί
1146 2515 1176 2582 υί
1199 2520 1374 2604 σύμβουλοι

97 2647 154 2706 καί
178 2642 206 2707 οἱ
228 2647 407 2728 σενάτωρες
429 2643 543 2708 καλαί
565 2642 716 2731 κεφαλαί1
729 2647 785 2708 καί
802 2637 1015 2726 οίραίκτορες
1040 2647 1096 2707 καί
1118 2642 1148 2707 σί
1168 2642 1274 2708 λοιποί
1289 2647 1371 2730 πρό-

97 2787 200 2854 κριτοι
228 2772 285 2831 καί
314 2763 392 2834 σύίύ
410 2769 457 2832 ’τό
484 2770 591 2832 κοινύν
607 2771 677 2855 τῆς
706 2766 829 2852 Πίσσης
856 2751 1117 2852 τιαρυιδειξσίριενοιΙ
1141 2770 1179 2831 τὰ
1202 2751 1288 2852 παρὰ
1309 2777 1372 2832 τῶν

99 2891 390 2978 ἀναγεγραμμένων
414 2890 668 2978 άποκρισιαρίίυν
683 2889 785 2956 σι’ύτύν
809 2893 1064 2978 συμφωνηδίντα
1087 2893 1143 2955 καί
1168 2889 1371 2977 ίπομούίύυα

97 3019 175 3101 πρός
203 3017 261 3102 τήν
289 3017 454 3099 βασιλείαν
484 3019 547 3102 μου
571 3021 627 3082 καί
656 3017 729 3088 τούς
751 3016 970 3102 κληρονόμους
996 3019 1053 3080 καί
1075 3015 1249 3103 διαδόχους
1273 3013 1371 3103 αύτῆς

98 3143 153 3202 καί
176 3141 255 3224 πρός
285 3136 467 3226 αύτήν“ιήν
499 3136 676 3225 Ῥωμανίαν
709 3142 954 3226 συμφωνήσουσι
985 3145 1084 3202 ταῦτα
1114 3140 1373 3226 καίτσωματικιρ

98 3265 385 3348 διαβεβαιύσονται
409 3261 494 3350 ὅρκῳ
519 3263 576 3328 καί
600 3265 759 3351 ἔγγραφον
783 3264 820 3326 δὲ
844 3265 961 3326 τούτων
983 3265 1180 3349 περιεκτικόν
1209 3263 1371 3330 ἔκύωνται
1439 3229 1450 3250 '

98 3392 152 3451 καί
188 3390 338 3473 συνήθως
372 3391 582 3453 πιστύσονται
617 3392 671 3452 καί
707 3393 755 3472 τή
783 3387 936 3470 βασιλεία
967 3409 1027 3471 μου
1062 3366 1288 3452 ύιποστείλωσιί
1314 3391 1370 3453 καί

100 3517 266 3597 στέργουσι
296 3520 396 3576 ταῦτα
432 3511 565 3584 αἰωνίως
595 3505 684 3575 αύτοί
718 3526 753 3574 τε
785 3514 843 3578 καί
878 3509 907 3574 οί
926 3508 1009 3595 ’μετ’
1046 3506 1159 3583 αύτούς
1194 3513 1369 3598 σύμβουλοι

98 3643 152 3702 καί
192 3635 396 3712 ἐξουσιασταί
423 3641 488 3702 καί
526 3637 696 3700 κόνσουλοι
733 3640 803 3702 καί,
824 3639 1003 3720 υενάτωρες
1041 3639 1096 3700 καί
1134 3635 1274 3723 κεφαλαί
1307 3636 1369 3702 καί

98 3759 264 3848 ῥαίκτορες
287 3755 449 3826 καίαύιύ
479 3763 515 3826 τό
539 3763 646 3824 κοινόν
670 3765 727 3823 τού
748 3762 889 3843 κάστρου
913 3763 969 3822 καί
992 3768 1047 3846 της
1079 3763 1192 3845 χώρας
1210 3767 1267 3846 της
1289 3760 1368 3826 Πίσ·

97 3909 185 3974 της,Δ
204 3895 259 3951 τού
281 3888 439 3970 παρόντος
473 3884 713 3972 χρυσοβούλλου
752 3885 893 3962 λόγου
932 3874 1007 3968 τῆς.
1027 3883 1193 3965 βασιλείας
1228 3906 1287 3970 μου
1318 3887 1367 3968 βε,

96 4014 188 4095 βαίου
227 4009 284 4074 καί
323 4005 482 4096 ἀρραγούς
520 4009 679 4094 διαμένειν
715 4005 912 4092 ὀφείλοντος,
949 4011 1060 4092 μέχρις
1093 4004 1133 4070 άν
1171 4003 1253 4071 καθ’
1290 4006 1366 4072 δλόΗ

95 4137 215 4222 κληρον
256 4143 447 4220 συντηρῶσιν
483 4131 513 4197 οί
542 4131 819 4216 ἀναγεγραμμένοι
839 4132 964 4201 πάντες
996 4133 1035 4193 τὰ
1067 4128 1210 4216 ἀνωτέρω
1250 4129 1367 4194 ἀνατα-

94 4244 230 4347 χθένπά,
242 4241 467 4344 Ι’γεγενημίνυυ
490 4260 575 4322 κατὰ
599 4259 652 4320 τόν
676 4275 697 4342 φ
710 4277 725 4317 ε
738 4255 758 4338 β
771 4275 787 4339 ρ
800 4277 816 4317 ο
829 4275 847 4316 υ
859 4255 881 4316 ά
894 4276 910 4338 ρ
924 4277 935 4316 ι
947 4275 963 4317 ο
976 4273 992 4317 ν
1017 4259 1103 4339 μηνσι
1125 4239 1179 4340 τ’ής
1203 4255 1367 4341 ’παρούσης

94 4387 111 4448 δ
125 4405 174 4448 εκ
188 4387 209 4447 σί
222 4405 273 4470 τη
286 4406 310 4456 ς,
338 4382 534 4454 ίνδικτιωνος
570 4389 625 4445 τὐύ
666 4377 944 4464 ἑξακισχιλιόστού
969 4375 996 4441 ’·ἑ
1008 4399 1030 4442 π
1043 4400 1059 4439 τ
1073 4401 1094 4441 α
1106 4399 1156 4442 κο
1171 4399 1189 4442 σ
1203 4403 1212 4442 ι
1226 4401 1242 4443 ο
1256 4387 1304 4442 σ“τ
1318 4401 1334 4442 ο
1350 4387 1366 4443 ύ

95 4509 198 4586 ἔτους,
225 4507 260 4572 ὲν
275 4504 301 4594 ᾧ
318 4510 381 4570 ικαί
408 4509 442 4574 τό
467 4501 621 4591 ήμότερον
640 4500 775 4586 εύσεβὲς
797 4499 862 4568 καί·
876 4500 1117 4587 όεοπρόβλητον
1141 4497 1366 4590 ύπεσημήνυιτο

95 4636 213 4718 κράτος
235 4635 266 4712 †.
