3148 5268
239 349 301 412 102

238 545 384 628 χυμίνων
408 536 470 604 άπδ
495 548 551 625 τῆς
576 536 748 624 ἑνδεκάτης
772 546 827 604 τοῦ
850 541 1078 628 προειρημένου
1100 539 1197 623 μηνὸς
1219 534 1348 612 ἰουνίυυ,
1374 531 1445 621 [ἀφ’
1472 529 1513 619 ἧς

237 663 490 754 ἡττρογεγονυῑα
518 665 627 749 τράβα]
653 661 786 750 ἤρξατο,
820 661 918 750 ἤγουν
945 659 1023 728 καθ’
1052 659 1189 728 ἕκαστον
1220 659 1291 733 ἐτος
1323 655 1514 746 θαιριτῦρων

238 790 390 875 χιλιάδας
425 791 599 874 τέσσαρας,
636 784 710 867 [δως
739 784 777 851 ἂν
806 785 840 851 αἱ
873 783 1001 850 διίιδειια
1035 785 1181 871 χιλιάδες
1210 780 1391 870 ὑπεραίρων
1426 779 1515 848 καθ’

240 910 432 998 ὁλόκληρον]
454 907 696 998 ἆπυφληθῦσιν,
720 907 763 974 ὧν
787 913 882 995 χάριν
907 905 981 974 ὅτε
1004 907 1157 996 ἐπιφανὴς
1181 908 1257 984 δυθζ
1278 911 1335 972 ιιαί
1362 910 1399 972 τὸ
1427 927 1516 972 που·

242 1036 368 1120 μοάνιον
391 1033 540 1106 Βενιτίας
565 1031 716 1120 ἐπαφίησι
738 1037 795 1097 καὶ
818 1031 944 1115 ἆθε]τεῐ
964 1042 1070 1098 πᾶσαν
1094 1036 1210 1120 ζημίαν
1233 1035 1290 1099 ιιαί
1310 1032 1438 1118 βλάβην
1458 1051 1517 1109 γε-

240 1162 375 1246 νυμένην
396 1167 477 1222 πᾶσι
501 1167 564 1229 τυίς
588 1164 643 1220 τοῦ
667 1160 781 1242 μέρους
806 1152 918 1238 [αὐτοῦ
940 1159 1027 1242 παρὰ
1050 1163 1104 1220 τοῦ
1128 1156 1208 1222 λαοῦ
1229 1159 1286 1220 καί
1304 1163 1360 1220 τοῦ
1377 1157 1517 1242 μίμους]

241 1290 297 1368 τῆς
315 1281 479 1364 βασιλείας
496 1301 556 1368 μου
571 1277 631 1354 ἕως
647 1289 704 1367 τῆς
721 1279 893 1366 ἐνδετιάτης
910 1287 964 1344 τοῦ
988 1274 1144 1366 ῥηθέντυς
1167 1279 1286 1344 ἐουνίου
1311 1281 1421 1366 μηνὸς,
1442 1281 1518 1360 [ιιαί

241 1403 405 1490 ἐλευθεροῖ
425 1402 469 1478 εἰς
490 1405 525 1468 τὸ
548 1403 692 1490 διηνιτιές
708 1406 782 1486 τῦν]
799 1409 1033 1489 προειρημένων
1051 1407 1170 1489 ζημιῶν
1191 1405 1245 1490 τὴν
1263 1405 1432 1488 βασιλείαν
1452 1425 1519 1488 μου

242 1531 298 1594 καί
314 1529 366 1593 τδν
381 1528 460 1594 λαὸν
477 1523 585 1613 αότῆς,
602 1524 753 1601 ιλσαότως
771 1525 938 1616 [ἐπαφίησι
954 1532 1010 1594 καί
1027 1525 1149 1611 ἀθετεῖ]
1166 1523 1187 1614 ἡ
1205 1529 1352 1611 βασιλεία
1369 1549 1431 1612 μου
1448 1537 1518 1592 πᾶ-

242 1669 301 1716 σαν
326 1651 447 1738 βλάβην
468 1655 525 1716 ιιαί
546 1655 661 1737 ζημίαν
684 1663 847 1730 γεγονυῖαν
868 1654 954 1736 παρὰ
974 1659 1029 1716 τοῦ
1046 1649 1211 1738 εἰρημένου
1230 1649 1417 1738 [ἐπιφανοῦς
1433 1653 1517 1716 δου-

241 1777 300 1849 ιιδς
330 1779 386 1840 καί
415 1783 470 1840 τοῦ
493 1778 699 1862 πουμυυ]νίου
722 1775 871 1848 Βενετίας
893 1773 914 1862 ἢ
937 1785 998 1840 τῶν
1021 1779 1207 1842 τιαπιτάνων
1233 1778 1350 1842 τούτων
1373 1775 1395 1862 ἤ
1420 1795 1519 1840 τινων

244 1899 356 1985 ἐτέρων
374 1896 598 1989 [δφφιτιιαλίιυν
613 1904 670 1966 καὶ
692 1898 798 1966 ἄλλων
821 1895 1077 1986 ὑποτεταγμένων
1101 1895 1223 1984 αέτ]υῐς
1239 1903 1325 1966 τιατὰ
1348 1909 1410 1966 τῶν
1432 1899 1520 1967 Ῥω-

242 2027 342 2109 μαίων
358 2027 414 2088 ιιαί
429 2017 689 2108 ὑποτεταγμένων
705 2035 744 2110 τῆ
761 2023 909 2108 βασιλεία
932 2045 1002 2109 μου,
1026 2027 1082 2090 τιαί
1106 2023 1150 2096 εἰς
1175 2025 1223 2106 [τό
1247 2024 1396 2110 διηνειιδς
1421 2024 1518 2088 ἐλευ·

242 2150 334 2233 θεροῐ
353 2149 405 2211 τὸν
423 2146 573 2234 ἐπι]φανῆ
590 2147 693 2214 δυῦτια
716 2151 772 2212 καί
796 2148 867 2220 τοῦς
891 2143 1160 2233 ὑποτεταγμένους
1183 2144 1268 2234 αὐτῷ
1289 2150 1421 2224 πάντας,
1440 2150 1522 2236 [φυ-

241 2271 441 2355 λαττομένων
464 2273 524 2335 υιαί
556 2273 740 2354 σωζομένων
772 2280 832 2334 τῶν
862 2269 1008 2352 δι]παίων
1030 2276 1087 2336 ιιαί
1111 2273 1298 2358 ζητημάτων
1321 2274 1378 2338 καὶ
1409 2269 1521 2358 δφλη-

245 2394 350 2478 μάτων
372 2401 431 2458 των
455 2392 735 2479 δηλωθησυμένων
752 2391 949 2476 [Βενετίιιωη
970 2392 1068 2482 ἤγουν
1091 2404 1147 2482 τῆς
1171 2393 1315 2484 δφειλῆς]
1340 2403 1396 2462 τοῦ
1421 2391 1522 2474 εὐγε-

243 2525 316 2589 νοῦς
331 2513 458 2602 άνδρδς
484 2515 609 2601 Πέτρυυ
636 2514 768 2600 Μαῦρου
791 2525 845 2582 τοῦ
870 2515 931 2582 ἀπὸ
955 2527 1009 2582 τοῦ
1032 2515 1142 2598 Ἃγίου
1172 2515 1390 2598 Αδγυυστίνου
1414 2516 1520 2584 ἀπαι-

244 2648 371 2712 τοῦντος
396 2635 588 2726 δαερπῦρων]
614 2639 763 2726 χιλιάδας
788 2653 882 2726 τρεῖς,
906 2641 1060 2715 δοθείσας
1083 2637 1122 2708 δι’
1148 2637 1243 2708 αυτοῦ
1267 2643 1448 2718 δανειαιιῶς
1473 2647 1524 2731 τῷ

245 2761 378 2848 γαμβρῷ
400 2765 470 2850 [τῆς
498 2762 666 2847 βασιλείας
695 2759 799 2850 ἡμῶν,
829 2761 871 2848 τῷ
896 2761 946 2830 ἐπὶ
969 2767 1139 2852 τραπέζ]ης
1163 2762 1274 2852 ἐπείνιρ
1297 2764 1341 2852 τῷ
1363 2766 1520 2834 Παλαισ-

244 2885 340 2968 λόγιρ,
364 2882 416 2952 ὅτε
432 2883 603 2972 ηῦρίσιιετο
619 2883 664 2960 εἰς
688 2891 727 2952 τὰ
750 2885 917 2954 Ἰωάννινα.
943 2887 991 2954 ἔτι
1013 2891 1083 2976 [τῆς
1107 2887 1308 2979 ἀπαιτήσεως
1331 2894 1388 2958 παὶ
1403 2889 1519 2979 ζίφει]-

245 3012 303 3097 λῆς
334 3019 389 3074 τοῦ
414 3010 544 3076 Παῦλυυ
567 3009 774 3097 Κονταρίνυυ,
804 3008 1004 3098 ἐνεργοῦντος
1031 3014 1117 3100 λόγιρ
1141 3024 1200 3080 τιῦν
1225 3009 1359 3094 εὐγενῶν
1389 3013 1521 3101 ἀνδρῶν

244 3131 434 3198 Μπαλιάνου
459 3136 529 3216 [παὶ
551 3133 692 3220 Μαρίνυυ
715 3133 935 3222 Κ]υνιαρίνου.
960 3135 1007 3202 ἐτι
1028 3137 1064 3202 δέ
1087 3143 1144 3204 τιαί
1166 3147 1222 3204 τοῦ
1237 3137 1399 3227 Στεφάνου
1415 3137 1519 3206 Μπα-

245 3255 399 3342 δουάρυυ,
416 3255 584 3344 ἐνεργητοῦ
606 3255 696 3332 ὄντος
719 3268 774 3324 τοῦ
799 3257 946 3340 εὐγενοῦς
970 3259 1083 3349 ἀνδρὸς
1109 3261 1290 3348 [Ἰακώβου
1313 3272 1369 3330 τοῦ
1391 3263 1521 3332 Βαντε-

244 3381 333 3444 λίνου
357 3382 451 3466 χάριν
475 3379 656 3468 ὑπεραίρων
680 3381 832 3469 χιλιάδων
856 3385 912 3449 δῦο
936 3389 993 3448 παὶ
1015 3391 1227 3471 τετραποσίων
1257 3379 1340 3454 δέιια
1363 3386 1425 3454 ἀνὰ
1449 3390 1521 3455 διδ-

246 3503 327 3568 δειια
350 3504 494 3568 δοδιιατα
517 3503 562 3578 εὶς
585 3507 620 3569 ιδ
649 3499 836 3592 θιτίρτυρυν,
865 3508 1024 3574 δυθέντων
1052 3515 1108 3574 καί
1136 3506 1238 3576 αὐτῶν
1267 3511 1448 3587 δανειαιιῦς
1473 3513 1522 3601 τῷ

245 3625 400 3713 ελρημένιρ
418 3625 468 3692 ἐπὶ
483 3636 539 3713 τῆς
557 3633 720 3717 τραπέζης,
740 3629 795 3716 [τῴ
807 3630 1031 3718 Παλαιυλὸγιρ,
1049 3629 1114 3721 ἀφ’]
1133 3630 1173 3720 ἧς
1188 3638 1366 3722 ποσότητος
1390 3634 1521 3724 ὀφείλει

242 3751 461 3836 κρατηθῆναι,
495 3746 569 3816 ὅσον
602 3752 720 3836 ἔλαβον
744 3751 806 3820 ἀπὸ
833 3759 981 3842 πράσεως
1009 3765 1068 3820 τῦν
1096 3753 1139 3821 ὧν
1162 3756 1316 3842 ἐιιροίτουν
1345 3757 1520 3846 ἐνεχύρων,

244 3875 315 3958 περὶ
339 3869 377 3959 ἧς
401 3873 574 3948 ἐξετάσεως
603 3873 766 3963 δφείλουσι
788 3882 996 3966 πιστευθῆναι
1023 3883 1061 3944 τὰ
1089 3883 1263 3966 γράμματα
1294 3892 1349 3950 τοῦ
1374 3887 1519 3969 μπαίοῦ·

245 3996 303 4060 λου
326 3999 383 4062 καὶ
406 4007 465 4062 τῶν
490 4000 674 4084 συμβούλων
699 3996 811 4078 αιἰτοῦ,
833 3999 944 4075 οἵτινες
971 4005 1010 4066 τὰ
1033 4012 1165 4068 τοιαῦτα
1188 4004 1327 4092 ἐνέχυρα
1349 4011 1520 4096 πραθῆναι

246 4117 399 4208 ἐποίησαν
428 4119 461 4197 ἐζ
489 4120 618 4210 ἐντολῆς
654 4134 707 4190 τοῦ
743 4123 910 4214 ἐπιφανοῦς
937 4125 1052 4200 δυυκός
1079 4126 1237 4203 Βενετίας.
1264 4129 1311 4199 ἐτι
1335 4142 1390 4218 τῆς
1415 4130 1519 4200 ἀπαι-

246 4246 366 4331 τήσεως
395 4255 449 4312 τοῦ
479 4243 624 4327 εὐγενοῦς
659 4246 773 4334 ἀνδρὸς
807 4250 906 4335 Θωμά
940 4253 992 4316 ντέ
1022 4249 1159 4329 Μάντζυ,
1195 4250 1402 4331 ἀπαιτοῦντος
1438 4257 1518 4324 ἄνευ

245 4374 424 4454 προστίμων
452 4369 508 4434 καὶ
536 4369 650 4447 ἐξόδων
686 4373 835 4458 χιλιάδας
863 4369 1044 4459 θπερπάρων
1072 4379 1229 4462 τεσσαρας
1264 4383 1320 4444 καί
1351 4377 1518 4470 ῦπέρπυρα

246 4490 401 4556 διανιόσιαΙ
422 4491 500 4559 ἑπτὰ
523 4498 600 4582 πρὸς
624 4494 727 4562 εἴκοσι
751 4501 843 4584 χέρια
867 4503 1052 4582 τυυρνεσίων
1076 4497 1137 4564 ἀνὰ
1165 4497 1303 4566 ἕκαστον
1338 4499 1518 4593 θπέρπυρον

246 4613 300 4678 διά
325 4635 410 4690 τινας
435 4621 641 4704 συρβιβάσεις
664 4625 720 4686 παί
743 4625 917 4708 συμφωνία,
943 4621 982 4694 άς
1004 4619 1090 4708 εἶχεν
1119 4619 1210 4698 οὗτος
1239 4631 1320 4712 μετὰ
1348 4639 1404 4694 τοῦ
1431 4653 1517 4698 παν-

249 4739 405 4821 σεβάστυυ
434 4743 592 4826 σεβαστυῦ
621 4743 742 4810 οίιιείου
771 4755 809 4831 τῆ
838 4745 985 4828 βασιλεία
1012 4766 1086 4830 μου,
1121 4757 1229 4833 υιριτοῦ
1257 4760 1312 4818 τοῦ
1340 4759 1427 4820 πατὰ
1458 4760 1516 4846 τῆν
