3132 5268
237 347 300 414 184

238 539 389 627 ταγμένοι
412 544 469 606 καί
491 537 596 604 πιστοὶ
625 540 666 624 τῷ
691 542 776 626 πυρῷ
798 543 890 606 δουκί
913 544 968 607 καί
991 539 1032 625 τῷ
1062 545 1241 626 κουμουνίιρ
1268 538 1416 613 Βενετίας
1441 538 1510 604 ἐνέ-

238 685 350 752 χονται
372 663 393 750 ἢ
418 662 582 752 ὀφείλουσι
609 663 777 750 Ῥωμαίοις
805 669 883 728 τισίν
908 662 1172 750 ὑποτεταγμένοις
1195 669 1253 729 καί
1275 675 1395 738 πιστοῖς
1417 661 1510 752 ήμῶν
1542 649 1552 664 ’

238 791 357 873 κοίτη
381 787 528 872 βασιλεία
557 785 646 875 ήμιῖνν
681 784 904 876 ὁπωσδήποτε,
934 789 1061 853 ἔσονται
1084 787 1240 877 ἀφειμένα
1262 788 1282 876 ή
1308 787 1509 874 ἀνατετραμ-

239 916 319 998 μένα
341 909 361 998 ή
385 909 505 997 ἄκυρα,
541 911 664 998 μᾶλλον
691 917 749 998 μέν
772 909 826 977 οὖν
858 911 1071 1000 ἐκδηλότερον
1094 913 1233 978 νοείσθω
1256 919 1313 979 καί
1335 915 1510 1000 δηλοόσθω

238 1037 292 1100 διὰ
319 1044 375 1100 τοῦ
398 1039 552 1120 παρόντος
578 1039 795 1122 στυιχήμοιτυς
819 1041 958 1102 καὶτῶν
983 1040 1116 1125 τρεβῶν,
1152 1035 1201 1102 ὅτι
1228 1034 1318 1104 αότοί
1345 1037 1375 1103 οἱ
1401 1048 1510 1102 τοιοῦ-

238 1182 286 1223 τοι
308 1156 486 1239 Βενέτικοι,
517 1163 623 1224 πιστοὶ
646 1163 703 1224 καί
727 1156 975 1258 ὑποτεταγμένοι
998 1161 1040 1247 τῷ
1062 1163 1148 1248 κορῷ
1170 1163 1261 1226 δοιαὶ
1284 1167 1340 1226 καί
1363 1162 1406 1248 τῷ
1428 1183 1510 1226 κου-

238 1281 354 1367 μουνίῳ
387 1281 537 1356 Βενετίας
571 1283 760 1370 δυνήσονται
793 1289 849 1348 καὶ
882 1285 1053 1372 ίσχόσουσι
1084 1289 1230 1372 χρῆσθαι
1267 1296 1331 1359 τοῖς
1369 1286 1509 1359 δικαίοις

238 1402 340 1472 αότων
368 1403 448 1472 καθ’
482 1405 689 1494 οίωνδήτινων
717 1406 881 1495 Ῥωμαίων
910 1419 969 1474 τῶν
1005 1407 1194 1496 ὀφειλόντων
1229 1406 1352 1487 αότοῐς,
1386 1409 1432 1482 οίς
1469 1412 1509 1495 δή

237 1527 419 1602 Βενετίκοις
445 1535 502 1594 καί
528 1527 655 1617 έκοίστφ
684 1529 786 1599 αὐτῶν
814 1529 904 1619 ἡμεῖς
927 1536 984 1597 καί
1006 1529 1026 1620 ή
1052 1533 1199 1616 βασιλεία
1222 1530 1311 1620 ήμῶν
1333 1536 1511 1619 ποιήσομεν

238 1660 295 1720 καὶ
329 1657 484 1735 γενέσθαι
518 1657 762 1743 διαπραξόμεθα
790 1658 915 1722 δίκαιον
943 1659 1189 1744 διευθετημένυν
1212 1663 1269 1722 καί
1293 1656 1430 1735 ἐντελὲς,
1467 1656 1511 1728 ὡς

237 1785 388 1867 πρότερον
423 1779 634 1868 ένειχόμεθα,
671 1779 829 1866 ἀκεραίως
864 1785 919 1846 καὶ
947 1789 999 1846 νῦν
1033 1779 1214 1870 ὀφείλομεν·
1248 1786 1305 1846 καί
1339 1785 1423 1846 κατὰ
1457 1786 1509 1846 τόν

238 1905 348 1992 ὅμοιον
377 1910 491 1993 τρόπον
520 1905 550 1971 οἱ
577 1903 726 1994 ἡμέτεροι
753 1904 904 1992 Ῥωμαῖοι
931 1908 1120 1993 δυνήσονται
1148 1911 1204 1972 καί
1230 1906 1400 1993 ὶσχόσουσι
1426 1916 1511 1993 χρῆ-

238 2033 318 2098 σθαι
352 2045 417 2106 τοῖς
451 2033 590 2134 δικαίοις
625 2029 727 2098 αότῶν
762 2030 841 2096 καθ’
876 2031 1069 2119 οίωνδήποτε
1103 2031 1279 2098 Βενετίκων
1306 2043 1422 2098 πιστῶν
1453 2029 1512 2095 καὶ

236 2152 496 2243 ὀποτεταγμένων
525 2156 568 2243 τερ
594 2159 679 2243 κυρῷ
705 2156 798 2220 δουκί
824 2161 881 2222 καί
908 2158 952 2243 τῷ
981 2161 1157 2242 κουμουνίιρ
1179 2156 1331 2230 Βενετίας
1362 2154 1511 2245 ὀφειλόν-

236 2300 297 2346 ιυν
328 2276 449 2358 αὐτοῖς,
485 2279 601 2345 οἷστισι
634 2281 674 2367 δή
711 2277 881 2366 Ῥωμαίοις
912 2278 929 2346 6
957 2291 1016 2368 κυρ
1053 2281 1128 2355 δοόζ
1162 2284 1219 2344 καὶ
1252 2283 1289 2344 τό
1322 2281 1512 2365 κουμοόνιον

236 2403 404 2481 Βενετίας,
439 2399 657 2488 δμπαῑοόλος
683 2407 740 2468 καί
763 2400 780 2468 6
806 2398 925 2490 ῥέκτωρ
958 2409 1015 2468 καί
1044 2402 1074 2468 οί
1102 2401 1301 2492 ὀφφικιιίλιοι
1333 2412 1388 2468 τοῦ
1411 2413 1512 2490 κυροῖ)

236 2528 357 2602 δουκός,
381 2525 532 2600 Βενετίας
560 2523 757 2614 ὁπουδήποτε
784 2530 990 2601 καθεστῶτες
1018 2529 1140 2593 δίκαιον
1168 2532 1355 2616 ποιήσονται
1379 2529 1512 2593 διευθε-

237 2658 374 2741 τημένον
396 2657 454 2718 καί
478 2653 616 2735 έντελές,
641 2651 684 2726 ἀς
699 2657 851 2740 πρότερον
874 2650 1056 2740 ήνείχοντο,
1082 2653 1242 2740 ἀκεραίως
1265 2658 1321 2718 καί
1343 2662 1395 2720 νόν
1419 2651 1511 2743 ὀφεί-

236 2779 342 2857 λουσι,
379 2781 567 2863 σωζομένων
596 2775 648 2842 ἀεί
675 2781 732 2842 καί
758 2783 956 2865 τηρουμένων
979 2788 1089 2843 πασῶν
1113 2783 1169 2842 καί
1192 2776 1337 2844 ἑκάστων
1360 2787 1421 2842 τῶν
1445 2800 1511 2844 πα-

238 2902 441 2990 ραφυλάζεων
467 2907 525 2967 καί
551 2905 780 2968 καταστέσεων
807 2905 863 2965 καί
890 2898 1094 2988 ὑποσχέσεων
1118 2906 1174 2967 καί
1197 2902 1422 2990 διασαφήσεων
1447 2902 1510 2968 εἴτε

236 3030 306 3111 περί
329 3029 448 3112 ζημιῶν
477 3036 536 3090 τῶν
566 3025 608 3112 μή
637 3027 834 3112 ταχθεισῶν,
868 3023 957 3101 ἰδίως
980 3020 1142 3112 ῥηθεισῶν
1166 3030 1222 3092 καί
1252 3023 1509 3112 ὀνομασθεισῶν,

239 3149 300 3214 είτε
322 3154 393 3236 περί
415 3161 474 3216 τῶν
499 3148 604 3216 ἄλλων
627 3159 687 3214 τόν
711 3147 855 3235 ἀνωτέρω
880 3146 1134 3235 ὀνομασθέντων,
1160 3150 1206 3226 οίς
1229 3153 1282 3218 διὰ
1305 3161 1361 3239 τῆς
1383 3155 1509 3238 παροό·

238 3296 296 3361 σης
331 3275 447 3359 τρέβας
474 3272 494 3361 ή
524 3271 667 3362 ἀφέσεως
701 3285 763 3342 των
791 3273 937 3356 ἀδικιῶν,
973 3285 1033 3340 των
1063 3281 1320 3364 προσκομμάτων
1354 3282 1411 3343 καί
1447 3289 1508 3343 τῶν

238 3402 357 3485 ζημιῶν
386 3398 429 3484 μή
457 3400 597 3464 νοείσθω
624 3403 708 3464 κατά
734 3421 764 3464 τι
791 3397 972 3474 ἐλάττωσις.
1003 3397 1083 3487 ἅπερ
1106 3403 1145 3488 δή
1169 3407 1272 3468 πάντα
1302 3401 1360 3470 καί
1382 3400 1509 3470 ἕκαστα

237 3525 277 3588 τὰ
312 3519 581 3608 ἀναγεγραμμένα
617 3519 708 3610 ήμείς
742 3521 760 3588 6
796 3523 945 3608 βασιλευς
983 3522 1041 3588 καί
1069 3521 1090 3610 ή
1120 3527 1266 3608 βασιλεία
1303 3521 1393 3614 ήμκθν
1432 3523 1509 3612 ὑπὲρ

237 3643 325 3733 ήμῶν
359 3648 416 3710 καί
449 3655 509 3710 τῶν
543 3647 752 3734 κληρονόμων
786 3651 843 3712 καί
876 3647 1037 3734 διαδόχων
1071 3645 1161 3735 ήμῶν
1196 3649 1240 3726 είς
1275 3653 1314 3716 τὰ
1345 3648 1423 3730 ἅγια
1452 3661 1508 3717 τοῦ

237 3773 317 3838 θεοῦ
341 3766 529 3852 εόαγγέλια,
553 3771 598 3846 είς
621 3775 674 3837 τόν
698 3777 799 3859 τίμιον
826 3776 882 3837 καὶ
904 3775 1058 3846 ζωοποιόν
1084 3776 1229 3859 σταυρόν,
1254 3773 1299 3848 είς
1323 3775 1379 3862 τήν
1402 3778 1508 3864 ψυχήν

236 3893 335 3984 ἡμῶν,
360 3893 518 3984 ἁψάμενοι
539 3907 598 3961 τῶν
620 3907 760 3986 γραφῶν,
784 3895 834 3962 έπί
850 3903 1011 3983 παρουσίᾳ
1033 3907 1088 3962 του
1112 3897 1277 3986 εἰρημένου
1299 3907 1397 3985 κυροῖ)
1423 3897 1507 3966 ἀπο-

236 4025 427 4107 κρισιαρίοο,
463 4021 611 4086 συνδίκου
648 4025 705 4085 καί
739 4019 920 4108 ἐπιτρόπου,
955 4027 1012 4088 καί
1046 4020 1141 4096 αότός
1171 4023 1188 4090 6
1217 4033 1276 4110 κόρ
1311 4023 1507 4110 ὀποκρισιά-

237 4167 318 4231 ριος,
353 4134 500 4218 σύνδικος
533 4143 591 4210 καὶ
625 4143 789 4230 ἐπίτροπος
823 4143 956 4232 ὀνόματι
991 4155 1045 4212 τοῦ
1079 4157 1177 4234 κυροῖ)
1211 4148 1328 4224 δουκός
1363 4153 1421 4216 καί
1452 4159 1508 4216 τοῦ

236 4273 427 4354 κουμουνίυυ
442 4267 607 4347 Βινετίας,
632 4265 796 4354 ἀφιέμενος
819 4279 879 4334 τῶν
901 4267 1002 4336 αότων
1026 4269 1116 4356 ἱερῶν
1140 4283 1278 4360 γραφῶν,
1301 4277 1359 4338 καί
1380 4273 1427 4349 είς
1451 4277 1508 4361 τήν

237 4393 341 4478 ψυχήν
369 4389 467 4457 αὐτοῦ
494 4403 550 4458 τοῦ
573 4401 670 4478 κυρυό
693 4393 810 4467 δουκός
838 4399 894 4459 καί
918 4404 973 4459 τοῦ
996 4399 1185 4481 κουμουνίυυ
1207 4395 1358 4470 Βενετίας
1381 4403 1438 4463 καί
1461 4399 1507 4472 εἰς

237 4519 276 4579 τὰ
302 4512 380 4595 ἅγια
407 4523 463 4579 τοῦ
490 4519 570 4582 θεοῦ
598 4511 770 4597 εόαγγέλια
799 4521 857 4582 καί
880 4517 924 4590 είς
947 4520 1000 4583 τόν
1023 4523 1124 4606 τίμιον
1147 4525 1204 4585 καὶ
1228 4525 1382 4595 ζωοποιόν
1406 4545 1507 4589 σταυ-

237 4641 291 4725 ρόν
314 4635 391 4727 ὑπέρ
419 4637 548 4721 έαυτοό,
572 4641 705 4730 ὀνόματι
731 4653 791 4708 τῶν
815 4647 1047 4730 προειρημένων
1069 4651 1126 4712 καί
1149 4657 1205 4713 τοῦ
1228 4653 1418 4734 κουμουνίυυ
1441 4650 1507 4717 Βε-

236 4769 355 4846 νετίας,
384 4763 555 4854 ὠμόσαμεν
578 4773 635 4834 καί
658 4763 885 4855 θπεσχέθημεν
914 4766 1080 4856 ἀλλήλοις,
1116 4775 1231 4859 βέβαια
1258 4779 1315 4840 καί
1346 4773 1505 4862 ἀμετακί-
