3182 5264
1310 401 1350 464 21

88 587 189 650 λάτου·
215 587 328 650 τούτου
351 589 390 650 τά
414 585 577 674 οἰκήματα
598 590 770 652 σκάτονται
785 588 839 652 διά
861 587 1080 674 τρικλιναρίων
1105 589 1177 666 δύο,
1202 589 1353 676 διρρύτων

87 713 135 776 δύο
158 714 214 776 καί
236 711 549 795 κουβουκλοτούλυυ,
575 713 800 798 βασταζόμενα
824 710 886 778 ἀτύ
911 722 970 812 γης
993 712 1047 778 διὰ
1071 715 1186 799 τοίχων
1216 717 1271 778 καί
1298 717 1352 790 eo·

85 839 241 913 λοκιύνων,
267 835 392 902 ἄνωθεν
416 837 452 902 δί
475 809 532 902 καί
556 836 666 902 διόλου
693 838 747 902 διὰ
774 838 964 912 ξυλοκιύνων
991 842 1270 924 αεριαεφραγμίνα
1296 843 1353 904 καί

84 962 257 1048 διῃρημένα
292 961 347 1026 διὰ
374 961 567 1050 σφενδάρων·
603 963 637 1026 τύ
666 963 777 1028 τούτου
811 962 993 1048 αεριαύλιον
1029 959 1272 1050 τίτοφράσσεται
1298 964 1352 1028 διὰ

83 1091 186 1172 τοίχου
217 1085 362 1174 ἒμτηλου
389 1089 445 1152 καί
473 1086 610 1172 διδύμας
633 1083 696 1154 ὰτό
721 1083 924 1174 ἰκταιιηχοιν·
950 1083 1000 1152 ἰαί
1024 1088 1137 1154 τούτου
1160 1091 1217 1154 καί
1240 1092 1351 1175 φρίαρ,

80 1219 259 1296 νομίσματα
292 1209 499 1278 εἰκοσιτίντε.
536 1211 590 1276 διὰ
624 1219 685 1276 τῦν
718 1211 881 1296 παραλίων
916 1209 1056 1278 σκαλεῦν.
1092 1211 1200 1276 σκάλα
1238 1207 1258 1298 ἠ
1287 1209 1350 1278 σίαό

80 1337 214 1402 παλαιοῦ
243 1333 263 1423 ἠ
292 1340 349 1402 καί
383 1334 503 1412 ἔξωθεν
539 1345 595 1423 τῆς
628 1339 745 1422 τύρτης
773 1344 829 1402 τοῦ
859 1333 1002 1422 Νεωρίου
1036 1339 1092 1400 καί
1129 1331 1260 1422 ἀντικρύ
1294 1345 1349 1426 τῆς

80 1471 173 1549 μονῆς
202 1471 258 1528 τοῦ
288 1459 350 1529 τίαύ
385 1459 581 1542 Λυγοδετῦν
608 1457 630 1548 ἡ
660 1463 716 1526 καί
747 1465 925 1548 φαινομίνη
960 1465 1017 1526 καί
1050 1460 1209 1550 λιγομίνη
1237 1459 1348 1548 Διτλη,

79 1585 348 1674 τίτοφρασσσμύνη
371 1582 442 1650 κατ’
466 1583 535 1650 ἶσον
559 1594 614 1672 της
639 1585 798 1671 δημοσίας
821 1581 897 1651 ἰδοῦ
921 1585 975 1652 διὰ
999 1586 1169 1664 παγκάλων
1193 1583 1256 1652 ἀπὸ
1272 1584 1347 1664 ἑξα-

77 1714 184 1796 τηχειν
213 1711 269 1776 διὰ
292 1711 327 1774 τύ
352 1711 395 1796 μή
420 1707 502 1775 εἶναι
525 1707 576 1774 ἰτί
604 1711 703 1796 ταύτη
734 1707 897 1796 οἰκήματα
928 1711 1030 1796 μόνων
1058 1706 1105 1774 λα’
1137 1705 1219 1796 αὐτῇ
1249 1707 1347 1776 ὄντων

76 1837 263 1920 καταχύτεεν
287 1839 474 1920 χαμαίγαια
496 1833 554 1900 δύο
577 1837 634 1900 καί
657 1833 920 1899 καταλλακττκοῦ
936 1836 1104 1920 τραπεζίου
1128 1830 1197 1910 ἑνὸς
1221 1832 1347 1900 άνωύεν

76 1969 132 2024 τίεν
155 1959 321 2036 κανάλων,
345 1954 384 2046 ἧς
407 1954 427 2045 ἡ
453 1962 636 2044 περίμετρος
664 1955 799 2044 ἰίρχεται
823 1955 885 2024 ἀπὸ
915 1967 971 2024 τοῦ
994 1958 1138 2024 κανάλου
1161 1968 1217 2045 τῆς
1240 1957 1345 2045 δημο-

77 2088 144 2157 σίας
167 2081 244 2148 δδοῦ
278 2086 335 2148 καί
369 2087 464 2168 μίχρι
494 2085 550 2146 καί
576 2092 631 2170 τῆς
662 2082 845 2168 δαλάσσης.
878 2080 949 2168 ίχει
979 2081 1015 2148 δὲ
1049 2081 1169 2156 τλάτος
1196 2078 1259 2148 ἀπὸ
1290 2089 1345 2148 τοῦ

73 2211 157 2272 κατὰ
192 2205 350 2294 ἀνατολὴν
384 2207 528 2272 κανάλου
562 2215 618 2292 τῆς
643 2215 742 2292 μονης
777 2213 832 2272 τοῦ
861 2202 924 2270 ἀπὸ
947 2203 1143 2286 Δοτοδετῦν
1177 2214 1233 2292 τῆς
1258 2206 1344 2272 διαι-

72 2333 188 2418 ρούσης
216 2329 342 2396 ἐκεῖθεν
369 2333 425 2394 καί
451 2331 530 2415 πρὸς
560 2327 719 2416 ἀνατολὴν
748 2329 873 2396 στάλαν
901 2339 956 2399 τοῦ
985 2329 1046 2396 dm}
1070 2331 1265 2410 Λοχοδετῦιν
1288 2333 1345 2394 καί

71 2459 149 2542 τρύς
177 2456 265 2522 δύσιν
302 2459 398 2542 μέχρι
431 2459 487 2520 καί
517 2463 572 2522 τοῦ
603 2454 747 2520 κανάλοο
776 2461 831 2520 τοῦ
859 2454 1055 2539 διαιροῦντος
1077 2455 1154 2541 πρὸς
1178 2455 1267 2520 δύσιν
1291 2455 1345 2541 την

71 2581 179 2664 ἑτέραν
211 2579 337 2646 σκάλαν
364 2588 425 2644 τῶν
453 2573 556 2642 αύτῦν
583 2575 759 2654 Πισσαίοιν,
795 2578 850 2664 την
884 2581 941 2644 καί
966 2579 1043 2664 τρύς
1070 2578 1159 2644 δύσιν
1186 2587 1242 2666 της
1265 2557 1346 2664 αύρὲ

72 2725 127 2790 της
154 2712 211 2768 τοῦ
238 2701 382 2790 Νεωρίου
410 2703 629 2790 διακειμίνην,
661 2703 715 2768 διά
745 2705 781 2766 τύ
812 2703 856 2788 μὴ
887 2704 1071 2788 κεκτῆσθαι
1101 2703 1156 2790 την
1195 2705 1343 2790 τοιαύτην

71 2829 195 2892 τκάλαν
234 2826 398 2914 αἰτήματα
438 2829 516 2912 αρδς
555 2829 589 2892 τύ
628 2839 750 2913 τεῖχος,
789 2823 833 2900 ελς
870 2835 931 2892 τῶν
970 2827 1118 2892 τοιούτων
1160 2825 1343 2914 οἰκημάτων

69 2951 165 3019 ὄντων
190 2955 261 3036 [τοῦ
285 2949 363 3038 ἀπὸ]
386 2949 582 3032 Λογοδετῦν
607 2949 664 3018 καὶ
688 2951 747 3030 ἔξω
771 2961 827 3040 τῆς
849 2951 1058 3036 παραδόσεως
1082 2949 1253 3020 ἰαδίντων.
1279 2949 1341 3018 ἀττό

71 3080 185 3165 ταύτης
212 3082 270 3144 καί
296 3079 373 3162 τρός
401 3077 490 3144 δύσιν
516 3074 625 3162 δτεραι
649 3077 769 3145 σκάλαι
797 3089 876 3163 τρεῖς
900 3073 934 3141 αἱ
962 3077 1133 3163 διήκουσαι
1164 3081 1260 3163 μάχρι
1286 3079 1342 3142 καί

70 3213 124 3290 της
148 3203 276 3289 σκάλης
298 3212 353 3289 της
377 3210 430 3267 νῦν
453 3205 677 3288 κατεχομένης
699 3204 786 3287 παρὰ
809 3210 864 3288 τῆς
889 3211 987 3288 μονης
1011 3208 1067 3266 τοῦ
1089 3209 1149 3286 κύρ
1173 3197 1341 3268 Ἀντωνίου

70 3331 148 3412 μετὰ
171 3331 230 3392 καί
252 3337 312 3392 τῦν
337 3325 388 3392 ἰαί
409 3327 539 3400 ταύταις
562 3323 744 3412 οἰκημάτων
768 3323 825 3390 καί
848 3335 908 3390 τῦν
937 3322 1103 3400 ἐνοικεκῦν
1126 3323 1340 3412 ἰρχαστηρίων

70 3449 253 3538 ἀρχομένης
281 3449 346 3516 ὰτύ
373 3461 434 3516 τεῦν
461 3450 610 3516 κανάλων
639 3457 694 3536 της
723 3447 880 3536 δημοσίας
903 3445 981 3514 ἰδοῦ
1006 3447 1063 3516 καί
1086 3453 1181 3537 μέχρι
1204 3453 1260 3515 καί
1284 3459 1340 3536 τῆς

69 3576 242 3661 θαλάσσης
265 3577 322 3638 καί
344 3575 463 3649 τλάτσς
487 3573 627 3661 ἑκάστης
651 3571 715 3642 ἀπὸ
739 3582 794 3639 τοῦ
817 3573 961 3640 κανάλοο
984 3579 1041 3642 καί
1065 3578 1162 3661 μίχρι
1185 3583 1240 3640 τοῦ
1268 3572 1337 3644 ἰτέ-

69 3723 121 3784 ρυυ
144 3699 291 3765 κανάλου
319 3702 375 3766 καί
401 3709 461 3764 τῶν
484 3700 539 3764 διὰ
563 3697 732 3789 ἑξατηχων
760 3695 953 3786 αἰττοφραγῦν
983 3708 1039 3786 της
1069 3699 1255 3784 διαιρύσεως
1278 3710 1338 3766 τῶν

68 3823 168 3890 αύτῦν
205 3825 345 3892 σκαλῦν.
370 3821 404 3888 αἱ
427 3833 571 3889 τοιαῦται
594 3825 630 3888 δί
658 3833 738 3909 τρεῖς
773 3823 895 3890 σκάλαι
928 3828 1100 3909 κίκτηνται
1133 3821 1177 3897 ύς
1201 3826 1279 3909 πρὸς
1302 3825 1338 3888 τύ

68 3959 170 4036 τεῖχος
195 3947 303 4036 ἐδάφη
325 3951 383 4014 ιιαί
410 3947 586 4036 οἰκήματα,
615 3943 657 4012 ύν
679 3944 700 4033 ἡ
725 3953 783 4033 μία
804 3943 825 4035 ἡ
848 3950 925 4034 πρὸς
948 3947 1036 4014 δύσιν
1060 3957 1116 4035 τῆς
1142 3949 1259 4035 τύρτης
1283 3955 1338 4013 τοῦ

67 4071 209 4159 Νεωρίυο
243 4077 398 4158 τίκτηται
433 4071 555 4160 ἔδαφος
592 4070 701 4138 ἄνετον
741 4069 1026 4160 ἀποφρατσύμενον
1064 4072 1118 4138 διὰ
1157 4069 1335 4160 ἑξαπήχων,

66 4205 262 4285 χρησιμεῦον
298 4195 342 4270 εἰς
377 4196 537 4264 οἰτόδετον
573 4201 668 4289 μάχρι
701 4201 758 4262 καί
792 4205 848 4282 τῆς
874 4199 991 4284 τύρτης
1015 4179 1075 4294 τοῦ
1101 4195 1256 4282 Νεορίου.
1288 4195 1335 4264 ἐπ’

66 4319 150 4410 αύτιρ
174 4321 226 4408 τῷ.
241 4319 353 4410 ἐδάφει
380 4319 560 4409 ὸφείλοοσιν
591 4320 802 4407 ἀνεγερθῆναι
824 4320 992 4408 οἰκήματα
1023 4325 1209 4408 χαμαίχαια
1238 4317 1336 4408 ὅμοια

66 4457 127 4524 τοῖς
151 4445 257 4512 ἐκεῖσε
283 4455 336 4514 νῦν
360 4441 464 4526 ούσιν,
488 4445 578 4512 αἰδὲ
602 4443 708 4532 ἕτεραι
735 4445 792 4510 δύο
819 4450 992 4532 κεκτηνται
1020 4445 1183 4533 οἰκήματα
1210 4451 1335 4533 χαμαί·

66 4593 141 4652 γαια
169 4569 271 4637 ἰννία.
294 4568 323 4670 Ιἡ
351 4573 482 4658 τοιαύτη
510 4573 619 4640 σκάλα
646 4568 665 4658 ἡ
689 4571 766 4657 αρῦς
793 4567 950 4670 ἀνατολὴν
978 4573 1137 4656 καὶπρὸς
1164 4569 1251 4636 δύσιν
1280 4579 1336 4659 της

66 4691 220 4783 ῥηδείσης
236 4693 357 4782 Δικλῆς
376 4695 503 4772 σκάλσις
521 4693 591 4782 ἔχει
615 4703 719 4785 μῆκος
744 4691 805 4760 ἀπὸ
822 4701 877 4759 τού
893 4693 1037 4758 κανάλυυ
1060 4701 1115 4760 τοῦ
1138 4693 1336 4781 διαιροῦντος

64 4817 188 4888 ὲκεῑδεν
211 4823 271 4888 καὶ
293 4821 371 4907 τρύς
396 4817 555 4912 ἀνατολὴν
579 4820 634 4908 την
658 4817 720 4898 ἀαύ
743 4819 882 4922 παλαιοῦ
898 4817 1017 4906 Διτλην
1041 4817 1166 4886 στάλαν
1186 4819 1243 4889 καί
1257 4819 1334 4906 τρῦς
