3148 5268
234 399 357 468 86.

234 591 394 678 Κοριίδοο,
427 605 481 658 τοῦ
517 599 676 680 νοταρίου,
714 605 767 681 τής
802 592 957 682 ἡμετέρας
995 591 1095 682 αι’)λης
1119 595 1350 678 καγγελαρίοο,
1386 594 1508 676 ταύτην

233 719 470 804 προσετάξαμεν
499 721 727 806 βεβαιωθῆναι.
761 719 862 806 ἐδόθη
892 719 925 785 έν
954 719 996 805 τῷ
1023 715 1165 807 ἡμετέρῳ
1193 717 1334 804 δουκικῴ
1359 719 1509 800 παλαείῳ

236 846 403 928 τρέχοντος
433 851 488 906 τοῦ
518 841 607 915 ἔτους
637 841 699 908 ἀπὸ
728 852 782 929 της
812 842 1039 929 ὲνσαριιιόσεως
1068 853 1122 908 τοῦ
1150 848 1259 927 κυρίου
1289 838 1377 928 ήμῶν
1402 839 1509 926 Ἰησοῦ

235 967 373 1053 Χριστοῦ
397 969 651 1054 χιλιοστοῦ
679 972 1026 1035 διακοσιοστοδ
1055 968 1418 1056 όβδομηκοσεοδ
1442 965 1511 1066 έκ-

237 1115 329 1169 τοο,
362 1098 470 1179 μηνί
507 1095 783 1179 σεπτεβρίιρ,
812 1090 961 1181 ήμέρφ
988 1095 1185 1180 δευτέρα
1214 1094 1510 1178 δίερχομένη

236 1215 543 1290 ίνδικτιιῖινος
576 1221 794 1305 πέμπτης.

238 1514 1513 1606 ἘγιόόΚοράδος,νοτόριοςκαίτήςδοοκιιιηςαόλῆς

239 1651 316 1728 τής
344 1639 571 1714 Βενετίας
600 1643 938 1728 καγγελαριος,
974 1645 1018 1718 έί
1046 1641 1240 1730 ἐντολῆς
1269 1654 1345 1708 του
1374 1665 1512 1728 προρ-

237 1770 474 1854 ρηθέντος
513 1775 654 1850 κοροδ
697 1767 870 1840 δουκός
914 1771 1110 1855 καὶτῆς
1153 1769 1323 1857 βοολής
1368 1765 1514 1833 αότοῐι

547 1887 791 1976 έπλήρωσα
826 1897 903 1956 καί
939 1889 1202 1978 έστερέωσα.

328 2085 385 2152 Ἐκ
409 2087 444 2149 δέ
470 2095 529 2149 των
553 2086 794 2174 διαληφθέντων
819 2089 979 2172 πρέσβεων
1003 2085 1020 2151 ό
1045 2093 1101 2174 μέν
1126 2087 1316 2173 Γραδενίκος
1341 2111 1515 2176 συμπαρα-

242 2215 412 2296 γενόμενος
441 2215 537 2296 μέχρι
565 2219 620 2296 της
649 2211 816 2294 βασιλείας
843 2209 933 2299 ήμῶν
960 2213 1067 2292 λόγοις
1096 2211 1142 2286 οἷς
1166 2213 1230 2278 οἶδε
1256 2215 1334 2286 θεός
1359 2215 1411 2277 τόν
1435 2215 1517 2300 τήδε

242 2338 309 2419 βίον
346 2334 539 2421 μετήλλαξε,
575 2338 631 2398 καί
656 2336 735 2420 πρός
769 2337 824 2423 τήν
854 2335 982 2401 αίωνίαν
1007 2347 1123 2423 μετηρε
1150 2339 1245 2423 ἰωήν,
1275 2333 1291 2400 ό
1320 2339 1355 2402 δέ
1382 2333 1517 2422 εόγενής

242 2458 335 2546 ἀνήρ,
371 2456 388 2523 ό
418 2459 474 2546 σδρ
502 2457 635 2545 Μάρκος
658 2457 828 2546 Μπέμπος,
864 2465 920 2524 καί
950 2465 1044 2546 μόνος
1066 2462 1297 2548 καταλειφθείς
1322 2462 1518 2546 έτρακτοίῖσε

243 2585 315 2657 τούς
339 2593 395 2670 τῆς
419 2588 597 2670 συμφωνίας
625 2585 740 2664 λόγους
769 2586 848 2669 μετὰ
877 2594 932 2670 τῆς
965 2586 1129 2668 βασιλείας
1151 2581 1254 2672 ήμῶν,
1283 2583 1326 2659 όις
1350 2583 1434 2672 ἔχων
1461 2591 1520 2650 καί

244 2704 324 2772 οδτω
347 2709 452 2796 πλήρη
481 2709 627 2784 ίξουσίαν
656 2713 741 2774 κατὰ
770 2711 825 2795 τήν
853 2710 1018 2796 περίληψιν
1050 2720 1105 2796 ι·”ης
1129 2709 1366 2798 διαληφθείσης
1390 2709 1518 2775 ἀναθέ-

244 2853 322 2905 σεως
346 2836 402 2897 καί
424 2837 699 2918 προκυυρατορίας
723 2828 833 2910 αότοδ,
862 2837 919 2896 καί
943 2837 1142 2920 κατήντησεν
1166 2832 1211 2906 τίς
1233 2837 1330 2918 πίρας
1354 2842 1410 2920 τῆς
1434 2857 1517 2920 συμ·

244 2957 409 3040 βιβόσεως.
440 2953 460 3044 ἡ
491 2957 637 3041 βασιλεία
673 2979 747 3042 μου,
785 2955 932 3044 έφιεμίνη
968 2955 1011 3029 όις
1046 2955 1160 3043 έρατής
1183 2966 1240 3044 τῆς
1264 2957 1389 3045 εἰρήνης
1425 2957 1518 3045 ἔχειν

245 3085 324 3167 μετὰ
350 3084 474 3145 πάντων
498 3091 559 3144 τῶν
587 3091 777 3167 χριστιανῶν
800 3078 910 3144 ἕνωσιν
939 3085 995 3144 καί
1024 3079 1164 3168 ἀγάπην,
1195 3086 1426 3160 σογκατένευσε
1460 3085 1519 3146 καὶ

244 3207 384 3292 συνῆλθε
409 3208 489 3290 μετὰ
511 3214 568 3270 τοῦ
592 3206 734 3269 τοιοότοο
759 3204 804 3278 εὶς
827 3207 980 3288 καθαρὰν
1004 3207 1116 3289 ερέβαν
1139 3210 1195 3269 καί
1221 3207 1424 3292 συμβίβασιν,
1450 3229 1517 3271 κα-

243 3335 311 3406 θιός
335 3329 368 3397 έν
392 3345 455 3406 τοῖς
479 3334 628 3397 κάτωθεν
653 3336 885 3418 γεγραμμένοις
907 3335 1090 3417 περιέχεται
1114 3332 1317 3416 κεφαλαίοις,
1348 3327 1428 3397 ὅθεν
1459 3339 1519 3395 καί

244 3455 401 3543 όμνόομεν
430 3453 505 3543 όπέρ
532 3453 621 3544 ήμῶν
648 3461 705 3520 καί
735 3467 790 3543 τής
819 3455 983 3538 βασιλείας
1006 3452 1095 3542 ήμῶν
1120 3455 1165 3528 είς
1189 3460 1227 3520 τὰ
1253 3451 1330 3535 ἅγια
1353 3465 1409 3521 τοῦ
1432 3459 1518 3522 θεοῦ

245 3578 416 3662 εόαγγίλια
450 3585 506 3644 καί
539 3579 583 3653 εἰς
611 3583 663 3645 τόν
697 3585 799 3666 τίμιον
826 3583 883 3644 καί
911 3582 1065 3652 ζωοποιόν
1094 3582 1227 3664 σταυρόν
1254 3585 1339 3644 κατὰ
1368 3583 1423 3666 τήν
1454 3593 1519 3645 τῶν

244 3705 387 3790 Γραικῶν
419 3705 604 3790 συνήθειαν,
639 3701 691 3768 ἵνα
723 3702 848 3790 ἔχωμεν
874 3707 930 3766 καί
962 3703 1172 3790 φόλασσωμεν
1203 3699 1242 3766 δι’
1266 3700 1355 3790 ήμῶν
1378 3709 1434 3768 καί
1460 3715 1517 3790 της

245 3829 410 3915 βασιλείας
432 3825 522 3916 ήμῶν
546 3827 589 3914 τῷ
612 3825 754 3916 ἐπιφανεῖ
776 3828 867 3891 δουκί
889 3825 946 3890 καὶ
969 3825 1012 3912 τῷ
1033 3831 1210 3912 κουμοονίῳ
1234 3831 1289 3890 καί
1305 3839 1369 3901 τοις
1386 3826 1519 3914 ἀνθρώ-

244 3975 314 4027 ποις
337 3951 487 4026 Βενετίας
514 3957 570 4016 καί
594 3965 657 4025 τοῖς
681 3952 848 4037 διαδόχοις
880 3946 983 4014 αὐτῶν
1007 3947 1118 4036 ἀληθῆ
1142 3955 1198 4013 καὶ
1222 3952 1375 4036 καθαρὰν
1399 3955 1519 4038 τρέβαν

245 4082 330 4144 κατὰ
353 4101 386 4142 τε
409 4078 582 4142 θάλασσαν
610 4080 664 4139 καί
694 4077 791 4164 ξηρὰν
819 4074 893 4140 όνευ
926 4077 1042 4148 παντός
1072 4074 1168 4138 δόλου
1198 4072 1259 4138 ἀπό
1284 4085 1338 4162 τῆς
1363 4080 1517 4162 σήμερον,

244 4199 311 4289 ήτις
355 4200 437 4267 έσείν
483 4201 868 4286 έννακαιδεκάτη
916 4208 991 4262 τοῦ
1037 4202 1271 4284 παρόντος
1317 4207 1518 4287 μαρτίου

247 4328 388 4412 μηνός
422 4335 499 4411 τῆς
527 4329 735 4411 πέμπτης
763 4323 1066 4396 ίνδικτιῶνος
1096 4321 1193 4387 ἔτει
1219 4321 1305 4388 ἀπό
1333 4335 1411 4413 τῆς
1443 4349 1519 4392 κα-

247 4453 516 4525 ταστάσεως
561 4454 740 4536 κόσμου
783 4447 1191 4534 ἑξακισχιλιοσεῲ
1225 4447 1515 4516 ἑπτακοσιο-

247 4573 332 4660 στῷ
364 4572 669 4662 όγδοηκοστῷ
700 4579 887 4662 πέμπτῳ
912 4572 1010 4638 είεουν
1037 4572 1098 4638 ἀπό
1124 4581 1179 4659 ιής
1204 4573 1433 4661 ένσαρκιόσεως
1459 4587 1517 4642 τοῦ

246 4701 354 4785 κυρίου
384 4701 536 4787 χιλιοσιῲ
562 4699 776 4784 διακοσιοστῷ
806 4697 1036 4784 ἑβδομηκοστῷ
1067 4695 1192 4784 έβδόμιρ
1225 4703 1320 4784 μέχρι
1350 4705 1406 4764 καί
1432 4723 1535 4786 συμ-,

245 4825 436 4914 πληρώσεως
459 4828 515 4893 δόο
539 4827 615 4893 ἐτῶν
640 4830 696 4892 καί
719 4833 869 4890 τοσοῦτον
893 4824 1003 4901 πλέον,
1034 4819 1109 4888 όσον
1138 4820 1255 4890 έσεῐται
1286 4824 1322 4891 ἐκ
1351 4829 1516 4913 συμβιβά-
